%YAML 1.1
%TAG !u! tag:unity3d.com,2011:
--- !u!1 &284461365096728012
GameObject:
  m_ObjectHideFlags: 0
  m_CorrespondingSourceObject: {fileID: 0}
  m_PrefabInstance: {fileID: 0}
  m_PrefabAsset: {fileID: 0}
  serializedVersion: 6
  m_Component:
  - component: {fileID: 3862880992951164028}
  - component: {fileID: 7346246635439026867}
  m_Layer: 7
  m_Name: GridSocket
  m_TagString: Untagged
  m_Icon: {fileID: 1206586993520771344, guid: 0000000000000000d000000000000000, type: 0}
  m_NavMeshLayer: 0
  m_StaticEditorFlags: 0
  m_IsActive: 1
--- !u!4 &3862880992951164028
Transform:
  m_ObjectHideFlags: 0
  m_CorrespondingSourceObject: {fileID: 0}
  m_PrefabInstance: {fileID: 0}
  m_PrefabAsset: {fileID: 0}
  m_GameObject: {fileID: 284461365096728012}
  m_LocalRotation: {x: 1, y: 0.00000002634181, z: 0.00000008940697, w: -0.000000004486057}
  m_LocalPosition: {x: -0.00000001596026, y: 2, z: -0.49999997}
  m_LocalScale: {x: 1, y: 1, z: 1}
  m_ConstrainProportionsScale: 0
  m_Children: []
  m_Father: {fileID: 7069101370600201968}
  m_RootOrder: -1
  m_LocalEulerAnglesHint: {x: 0, y: -180, z: -180}
--- !u!114 &7346246635439026867
MonoBehaviour:
  m_ObjectHideFlags: 0
  m_CorrespondingSourceObject: {fileID: 0}
  m_PrefabInstance: {fileID: 0}
  m_PrefabAsset: {fileID: 0}
  m_GameObject: {fileID: 284461365096728012}
  m_Enabled: 1
  m_EditorHideFlags: 0
  m_Script: {fileID: 11500000, guid: 3c38a98179517f24d8ba32c3c8376d7c, type: 3}
  m_Name: 
  m_EditorClassIdentifier: 
--- !u!1001 &1859276844125738519
PrefabInstance:
  m_ObjectHideFlags: 0
  serializedVersion: 2
  m_Modification:
    serializedVersion: 3
    m_TransformParent: {fileID: 7069101370600201968}
    m_Modifications:
    - target: {fileID: -8679921383154817045, guid: 54e87976766371740a0068b64f7f981a,
        type: 3}
      propertyPath: m_RootOrder
      value: 0
      objectReference: {fileID: 0}
    - target: {fileID: -8679921383154817045, guid: 54e87976766371740a0068b64f7f981a,
        type: 3}
      propertyPath: m_LocalScale.x
      value: 1
      objectReference: {fileID: 0}
    - target: {fileID: -8679921383154817045, guid: 54e87976766371740a0068b64f7f981a,
        type: 3}
      propertyPath: m_LocalScale.y
      value: 1
      objectReference: {fileID: 0}
    - target: {fileID: -8679921383154817045, guid: 54e87976766371740a0068b64f7f981a,
        type: 3}
      propertyPath: m_LocalScale.z
      value: 1
      objectReference: {fileID: 0}
    - target: {fileID: -8679921383154817045, guid: 54e87976766371740a0068b64f7f981a,
        type: 3}
      propertyPath: m_LocalPosition.x
      value: 0
      objectReference: {fileID: 0}
    - target: {fileID: -8679921383154817045, guid: 54e87976766371740a0068b64f7f981a,
        type: 3}
      propertyPath: m_LocalPosition.y
      value: 0
      objectReference: {fileID: 0}
    - target: {fileID: -8679921383154817045, guid: 54e87976766371740a0068b64f7f981a,
        type: 3}
      propertyPath: m_LocalPosition.z
      value: 0
      objectReference: {fileID: 0}
    - target: {fileID: -8679921383154817045, guid: 54e87976766371740a0068b64f7f981a,
        type: 3}
      propertyPath: m_LocalRotation.w
      value: 1
      objectReference: {fileID: 0}
    - target: {fileID: -8679921383154817045, guid: 54e87976766371740a0068b64f7f981a,
        type: 3}
      propertyPath: m_LocalRotation.x
      value: 0
      objectReference: {fileID: 0}
    - target: {fileID: -8679921383154817045, guid: 54e87976766371740a0068b64f7f981a,
        type: 3}
      propertyPath: m_LocalRotation.y
      value: 0
      objectReference: {fileID: 0}
    - target: {fileID: -8679921383154817045, guid: 54e87976766371740a0068b64f7f981a,
        type: 3}
      propertyPath: m_LocalRotation.z
      value: 0
      objectReference: {fileID: 0}
    - target: {fileID: -8679921383154817045, guid: 54e87976766371740a0068b64f7f981a,
        type: 3}
      propertyPath: m_LocalEulerAnglesHint.x
      value: 0
      objectReference: {fileID: 0}
    - target: {fileID: -8679921383154817045, guid: 54e87976766371740a0068b64f7f981a,
        type: 3}
      propertyPath: m_LocalEulerAnglesHint.y
      value: 0
      objectReference: {fileID: 0}
    - target: {fileID: -8679921383154817045, guid: 54e87976766371740a0068b64f7f981a,
        type: 3}
      propertyPath: m_LocalEulerAnglesHint.z
      value: 0
      objectReference: {fileID: 0}
    - target: {fileID: -7511558181221131132, guid: 54e87976766371740a0068b64f7f981a,
        type: 3}
      propertyPath: m_CastShadows
      value: 3
      objectReference: {fileID: 0}
    - target: {fileID: -7511558181221131132, guid: 54e87976766371740a0068b64f7f981a,
        type: 3}
      propertyPath: 'm_Materials.Array.data[0]'
      value: 
      objectReference: {fileID: 2100000, guid: 46adf2b5b963c3545a5fc8573c49d9d3, type: 2}
    - target: {fileID: 919132149155446097, guid: 54e87976766371740a0068b64f7f981a,
        type: 3}
      propertyPath: m_Name
      value: Wall_2x_Window_left Variant
      objectReference: {fileID: 0}
    - target: {fileID: 919132149155446097, guid: 54e87976766371740a0068b64f7f981a,
        type: 3}
      propertyPath: m_Layer
      value: 7
      objectReference: {fileID: 0}
    - target: {fileID: 919132149155446097, guid: 54e87976766371740a0068b64f7f981a,
        type: 3}
      propertyPath: m_StaticEditorFlags
      value: 0
      objectReference: {fileID: 0}
    - target: {fileID: 5916647407123986457, guid: 54e87976766371740a0068b64f7f981a,
        type: 3}
      propertyPath: m_CastShadows
      value: 3
      objectReference: {fileID: 0}
    m_RemovedComponents: []
    m_RemovedGameObjects: []
    m_AddedGameObjects: []
    m_AddedComponents: []
  m_SourcePrefab: {fileID: 100100000, guid: 54e87976766371740a0068b64f7f981a, type: 3}
--- !u!4 &2181927005749260796 stripped
Transform:
  m_CorrespondingSourceObject: {fileID: -8679921383154817045, guid: 54e87976766371740a0068b64f7f981a,
    type: 3}
  m_PrefabInstance: {fileID: 1859276844125738519}
  m_PrefabAsset: {fileID: 0}
--- !u!1001 &7318568486486636827
PrefabInstance:
  m_ObjectHideFlags: 0
  serializedVersion: 2
  m_Modification:
    serializedVersion: 3
    m_TransformParent: {fileID: 0}
    m_Modifications:
    - target: {fileID: -8679921383154817045, guid: 54e87976766371740a0068b64f7f981a,
        type: 3}
      propertyPath: m_RootOrder
      value: 0
      objectReference: {fileID: 0}
    - target: {fileID: -8679921383154817045, guid: 54e87976766371740a0068b64f7f981a,
        type: 3}
      propertyPath: m_LocalPosition.x
      value: 0
      objectReference: {fileID: 0}
    - target: {fileID: -8679921383154817045, guid: 54e87976766371740a0068b64f7f981a,
        type: 3}
      propertyPath: m_LocalPosition.y
      value: 0
      objectReference: {fileID: 0}
    - target: {fileID: -8679921383154817045, guid: 54e87976766371740a0068b64f7f981a,
        type: 3}
      propertyPath: m_LocalPosition.z
      value: 0
      objectReference: {fileID: 0}
    - target: {fileID: -8679921383154817045, guid: 54e87976766371740a0068b64f7f981a,
        type: 3}
      propertyPath: m_LocalRotation.w
      value: -0.000000015454335
      objectReference: {fileID: 0}
    - target: {fileID: -8679921383154817045, guid: 54e87976766371740a0068b64f7f981a,
        type: 3}
      propertyPath: m_LocalRotation.x
      value: 0.7071078
      objectReference: {fileID: 0}
    - target: {fileID: -8679921383154817045, guid: 54e87976766371740a0068b64f7f981a,
        type: 3}
      propertyPath: m_LocalRotation.y
      value: -0.000000015454289
      objectReference: {fileID: 0}
    - target: {fileID: -8679921383154817045, guid: 54e87976766371740a0068b64f7f981a,
        type: 3}
      propertyPath: m_LocalRotation.z
      value: -0.7071058
      objectReference: {fileID: 0}
    - target: {fileID: -8679921383154817045, guid: 54e87976766371740a0068b64f7f981a,
        type: 3}
      propertyPath: m_LocalEulerAnglesHint.x
      value: -180
      objectReference: {fileID: 0}
    - target: {fileID: -8679921383154817045, guid: 54e87976766371740a0068b64f7f981a,
        type: 3}
      propertyPath: m_LocalEulerAnglesHint.y
      value: 90
      objectReference: {fileID: 0}
    - target: {fileID: -8679921383154817045, guid: 54e87976766371740a0068b64f7f981a,
        type: 3}
      propertyPath: m_LocalEulerAnglesHint.z
      value: 0
      objectReference: {fileID: 0}
    - target: {fileID: -7511558181221131132, guid: 54e87976766371740a0068b64f7f981a,
        type: 3}
      propertyPath: 'm_Materials.Array.data[0]'
      value: 
      objectReference: {fileID: 2100000, guid: 46adf2b5b963c3545a5fc8573c49d9d3, type: 2}
    - target: {fileID: 217184282207999174, guid: 54e87976766371740a0068b64f7f981a,
        type: 3}
      propertyPath: m_Layer
      value: 11
      objectReference: {fileID: 0}
    - target: {fileID: 919132149155446097, guid: 54e87976766371740a0068b64f7f981a,
        type: 3}
      propertyPath: m_Name
      value: Wall_2x_Window_left Variant
      objectReference: {fileID: 0}
    - target: {fileID: 919132149155446097, guid: 54e87976766371740a0068b64f7f981a,
        type: 3}
      propertyPath: m_Layer
      value: 7
      objectReference: {fileID: 0}
    - target: {fileID: 919132149155446097, guid: 54e87976766371740a0068b64f7f981a,
        type: 3}
      propertyPath: m_StaticEditorFlags
      value: 0
      objectReference: {fileID: 0}
    - target: {fileID: 5916647407123986457, guid: 54e87976766371740a0068b64f7f981a,
        type: 3}
      propertyPath: m_Enabled
      value: 1
      objectReference: {fileID: 0}
    - target: {fileID: 5916647407123986457, guid: 54e87976766371740a0068b64f7f981a,
        type: 3}
      propertyPath: 'm_Materials.Array.data[0]'
      value: 
      objectReference: {fileID: 2100000, guid: 46adf2b5b963c3545a5fc8573c49d9d3, type: 2}
    m_RemovedComponents: []
    m_RemovedGameObjects: []
    m_AddedGameObjects:
    - targetCorrespondingSourceObject: {fileID: -8679921383154817045, guid: 54e87976766371740a0068b64f7f981a,
        type: 3}
      insertIndex: -1
      addedObject: {fileID: 3862880992951164028}
    - targetCorrespondingSourceObject: {fileID: -8679921383154817045, guid: 54e87976766371740a0068b64f7f981a,
        type: 3}
      insertIndex: -1
      addedObject: {fileID: 2181927005749260796}
    m_AddedComponents:
    - targetCorrespondingSourceObject: {fileID: 919132149155446097, guid: 54e87976766371740a0068b64f7f981a,
        type: 3}
      insertIndex: -1
      addedObject: {fileID: 49436603}
    - targetCorrespondingSourceObject: {fileID: 217184282207999174, guid: 54e87976766371740a0068b64f7f981a,
        type: 3}
      insertIndex: -1
      addedObject: {fileID: 7253056741222901237}
    - targetCorrespondingSourceObject: {fileID: 217184282207999174, guid: 54e87976766371740a0068b64f7f981a,
        type: 3}
      insertIndex: -1
      addedObject: {fileID: 1777479120251918169}
  m_SourcePrefab: {fileID: 100100000, guid: 54e87976766371740a0068b64f7f981a, type: 3}
--- !u!4 &7069101370600201968 stripped
Transform:
  m_CorrespondingSourceObject: {fileID: -8679921383154817045, guid: 54e87976766371740a0068b64f7f981a,
    type: 3}
  m_PrefabInstance: {fileID: 7318568486486636827}
  m_PrefabAsset: {fileID: 0}
--- !u!1 &7391340162009607645 stripped
GameObject:
  m_CorrespondingSourceObject: {fileID: 217184282207999174, guid: 54e87976766371740a0068b64f7f981a,
    type: 3}
  m_PrefabInstance: {fileID: 7318568486486636827}
  m_PrefabAsset: {fileID: 0}
--- !u!64 &7253056741222901237
MeshCollider:
  m_ObjectHideFlags: 0
  m_CorrespondingSourceObject: {fileID: 0}
  m_PrefabInstance: {fileID: 0}
  m_PrefabAsset: {fileID: 0}
  m_GameObject: {fileID: 7391340162009607645}
  m_Material: {fileID: 0}
  m_IncludeLayers:
    serializedVersion: 2
    m_Bits: 0
  m_ExcludeLayers:
    serializedVersion: 2
    m_Bits: 0
  m_LayerOverridePriority: 0
  m_IsTrigger: 0
  m_ProvidesContacts: 0
  m_Enabled: 1
  serializedVersion: 5
  m_Convex: 0
  m_CookingOptions: 30
  m_Mesh: {fileID: -2451029352997147658, guid: 54e87976766371740a0068b64f7f981a, type: 3}
--- !u!114 &1777479120251918169
MonoBehaviour:
  m_ObjectHideFlags: 0
  m_CorrespondingSourceObject: {fileID: 0}
  m_PrefabInstance: {fileID: 0}
  m_PrefabAsset: {fileID: 0}
  m_GameObject: {fileID: 7391340162009607645}
  m_Enabled: 1
  m_EditorHideFlags: 0
  m_Script: {fileID: 11500000, guid: 48b41735204b8554198714f3693c3a81, type: 3}
  m_Name: 
  m_EditorClassIdentifier: 
  m_shaderVariableName: _Dither
--- !u!1 &7589038792160986186 stripped
GameObject:
  m_CorrespondingSourceObject: {fileID: 919132149155446097, guid: 54e87976766371740a0068b64f7f981a,
    type: 3}
  m_PrefabInstance: {fileID: 7318568486486636827}
  m_PrefabAsset: {fileID: 0}
--- !u!64 &49436603
MeshCollider:
  m_ObjectHideFlags: 0
  m_CorrespondingSourceObject: {fileID: 0}
  m_PrefabInstance: {fileID: 0}
  m_PrefabAsset: {fileID: 0}
  m_GameObject: {fileID: 7589038792160986186}
  m_Material: {fileID: 0}
  m_IncludeLayers:
    serializedVersion: 2
    m_Bits: 0
  m_ExcludeLayers:
    serializedVersion: 2
    m_Bits: 0
  m_LayerOverridePriority: 0
  m_IsTrigger: 0
  m_ProvidesContacts: 0
  m_Enabled: 1
  serializedVersion: 5
  m_Convex: 0
  m_CookingOptions: 30
  m_Mesh: {fileID: -6675930491199335503, guid: 54e87976766371740a0068b64f7f981a, type: 3}
