%YAML 1.1
%TAG !u! tag:unity3d.com,2011:
--- !u!1001 &605971594329621243
PrefabInstance:
  m_ObjectHideFlags: 0
  serializedVersion: 2
  m_Modification:
    serializedVersion: 3
    m_TransformParent: {fileID: 0}
    m_Modifications:
    - target: {fileID: -8761486292473634726, guid: abc0d322858b2f549a3cce6c889d9bc4,
        type: 3}
      propertyPath: m_CastShadows
      value: 0
      objectReference: {fileID: 0}
    - target: {fileID: -8761486292473634726, guid: abc0d322858b2f549a3cce6c889d9bc4,
        type: 3}
      propertyPath: 'm_Materials.Array.data[0]'
      value: 
      objectReference: {fileID: 2100000, guid: bfcef7f951e6dad4d8ee32505c5252c3, type: 2}
    - target: {fileID: -8679921383154817045, guid: abc0d322858b2f549a3cce6c889d9bc4,
        type: 3}
      propertyPath: m_RootOrder
      value: 0
      objectReference: {fileID: 0}
    - target: {fileID: -8679921383154817045, guid: abc0d322858b2f549a3cce6c889d9bc4,
        type: 3}
      propertyPath: m_LocalPosition.x
      value: 2.491
      objectReference: {fileID: 0}
    - target: {fileID: -8679921383154817045, guid: abc0d322858b2f549a3cce6c889d9bc4,
        type: 3}
      propertyPath: m_LocalPosition.y
      value: 2.0060976
      objectReference: {fileID: 0}
    - target: {fileID: -8679921383154817045, guid: abc0d322858b2f549a3cce6c889d9bc4,
        type: 3}
      propertyPath: m_LocalPosition.z
      value: 6.181
      objectReference: {fileID: 0}
    - target: {fileID: -8679921383154817045, guid: abc0d322858b2f549a3cce6c889d9bc4,
        type: 3}
      propertyPath: m_LocalRotation.w
      value: 1
      objectReference: {fileID: 0}
    - target: {fileID: -8679921383154817045, guid: abc0d322858b2f549a3cce6c889d9bc4,
        type: 3}
      propertyPath: m_LocalRotation.x
      value: 0.000000021855694
      objectReference: {fileID: 0}
    - target: {fileID: -8679921383154817045, guid: abc0d322858b2f549a3cce6c889d9bc4,
        type: 3}
      propertyPath: m_LocalRotation.y
      value: 0
      objectReference: {fileID: 0}
    - target: {fileID: -8679921383154817045, guid: abc0d322858b2f549a3cce6c889d9bc4,
        type: 3}
      propertyPath: m_LocalRotation.z
      value: -0
      objectReference: {fileID: 0}
    - target: {fileID: -8679921383154817045, guid: abc0d322858b2f549a3cce6c889d9bc4,
        type: 3}
      propertyPath: m_LocalEulerAnglesHint.x
      value: 0
      objectReference: {fileID: 0}
    - target: {fileID: -8679921383154817045, guid: abc0d322858b2f549a3cce6c889d9bc4,
        type: 3}
      propertyPath: m_LocalEulerAnglesHint.y
      value: 0
      objectReference: {fileID: 0}
    - target: {fileID: -8679921383154817045, guid: abc0d322858b2f549a3cce6c889d9bc4,
        type: 3}
      propertyPath: m_LocalEulerAnglesHint.z
      value: 0
      objectReference: {fileID: 0}
    - target: {fileID: -7511558181221131132, guid: abc0d322858b2f549a3cce6c889d9bc4,
        type: 3}
      propertyPath: m_ReceiveGI
      value: 2
      objectReference: {fileID: 0}
    - target: {fileID: -7511558181221131132, guid: abc0d322858b2f549a3cce6c889d9bc4,
        type: 3}
      propertyPath: 'm_Materials.Array.data[0]'
      value: 
      objectReference: {fileID: 2100000, guid: 57bb906d415333a4f9614f8c5ded6f10, type: 2}
    - target: {fileID: -3611742663368629050, guid: abc0d322858b2f549a3cce6c889d9bc4,
        type: 3}
      propertyPath: m_Layer
      value: 11
      objectReference: {fileID: 0}
    - target: {fileID: 919132149155446097, guid: abc0d322858b2f549a3cce6c889d9bc4,
        type: 3}
      propertyPath: m_Name
      value: Window_2x Variant
      objectReference: {fileID: 0}
    - target: {fileID: 919132149155446097, guid: abc0d322858b2f549a3cce6c889d9bc4,
        type: 3}
      propertyPath: m_Layer
      value: 11
      objectReference: {fileID: 0}
    - target: {fileID: 919132149155446097, guid: abc0d322858b2f549a3cce6c889d9bc4,
        type: 3}
      propertyPath: m_StaticEditorFlags
      value: 1
      objectReference: {fileID: 0}
    m_RemovedComponents: []
    m_RemovedGameObjects: []
    m_AddedGameObjects: []
    m_AddedComponents:
    - targetCorrespondingSourceObject: {fileID: 919132149155446097, guid: abc0d322858b2f549a3cce6c889d9bc4,
        type: 3}
      insertIndex: -1
      addedObject: {fileID: 9119400949091847162}
    - targetCorrespondingSourceObject: {fileID: 919132149155446097, guid: abc0d322858b2f549a3cce6c889d9bc4,
        type: 3}
      insertIndex: -1
      addedObject: {fileID: 3930315956856173750}
    - targetCorrespondingSourceObject: {fileID: -3611742663368629050, guid: abc0d322858b2f549a3cce6c889d9bc4,
        type: 3}
      insertIndex: -1
      addedObject: {fileID: 5031891564548773591}
    - targetCorrespondingSourceObject: {fileID: -3611742663368629050, guid: abc0d322858b2f549a3cce6c889d9bc4,
        type: 3}
      insertIndex: -1
      addedObject: {fileID: 6992321702969993002}
  m_SourcePrefab: {fileID: 100100000, guid: abc0d322858b2f549a3cce6c889d9bc4, type: 3}
--- !u!1 &336008716357975978 stripped
GameObject:
  m_CorrespondingSourceObject: {fileID: 919132149155446097, guid: abc0d322858b2f549a3cce6c889d9bc4,
    type: 3}
  m_PrefabInstance: {fileID: 605971594329621243}
  m_PrefabAsset: {fileID: 0}
--- !u!65 &9119400949091847162
BoxCollider:
  m_ObjectHideFlags: 0
  m_CorrespondingSourceObject: {fileID: 0}
  m_PrefabInstance: {fileID: 0}
  m_PrefabAsset: {fileID: 0}
  m_GameObject: {fileID: 336008716357975978}
  m_Material: {fileID: 0}
  m_IncludeLayers:
    serializedVersion: 2
    m_Bits: 0
  m_ExcludeLayers:
    serializedVersion: 2
    m_Bits: 0
  m_LayerOverridePriority: 0
  m_IsTrigger: 0
  m_ProvidesContacts: 0
  m_Enabled: 1
  serializedVersion: 3
  m_Size: {x: 2.2783735, y: 2.1158767, z: 0.3067188}
  m_Center: {x: -0.49700227, y: 0.13308987, z: -0.04373038}
--- !u!114 &3930315956856173750
MonoBehaviour:
  m_ObjectHideFlags: 0
  m_CorrespondingSourceObject: {fileID: 0}
  m_PrefabInstance: {fileID: 0}
  m_PrefabAsset: {fileID: 0}
  m_GameObject: {fileID: 336008716357975978}
  m_Enabled: 1
  m_EditorHideFlags: 0
  m_Script: {fileID: 11500000, guid: 48b41735204b8554198714f3693c3a81, type: 3}
  m_Name: 
  m_EditorClassIdentifier: 
  m_shaderVariableName: _Dither
  m_fadeTo: 0
--- !u!1 &5010347883651966525 stripped
GameObject:
  m_CorrespondingSourceObject: {fileID: -3611742663368629050, guid: abc0d322858b2f549a3cce6c889d9bc4,
    type: 3}
  m_PrefabInstance: {fileID: 605971594329621243}
  m_PrefabAsset: {fileID: 0}
--- !u!65 &5031891564548773591
BoxCollider:
  m_ObjectHideFlags: 0
  m_CorrespondingSourceObject: {fileID: 0}
  m_PrefabInstance: {fileID: 0}
  m_PrefabAsset: {fileID: 0}
  m_GameObject: {fileID: 5010347883651966525}
  m_Material: {fileID: 0}
  m_IncludeLayers:
    serializedVersion: 2
    m_Bits: 0
  m_ExcludeLayers:
    serializedVersion: 2
    m_Bits: 0
  m_LayerOverridePriority: 0
  m_IsTrigger: 0
  m_ProvidesContacts: 0
  m_Enabled: 1
  serializedVersion: 3
  m_Size: {x: 2.0650818, y: 0.0034080015, z: 1.9155092}
  m_Center: {x: -0.47863236, y: -0.0017036061, z: -0.00020503995}
--- !u!114 &6992321702969993002
MonoBehaviour:
  m_ObjectHideFlags: 0
  m_CorrespondingSourceObject: {fileID: 0}
  m_PrefabInstance: {fileID: 0}
  m_PrefabAsset: {fileID: 0}
  m_GameObject: {fileID: 5010347883651966525}
  m_Enabled: 1
  m_EditorHideFlags: 0
  m_Script: {fileID: 11500000, guid: 48b41735204b8554198714f3693c3a81, type: 3}
  m_Name: 
  m_EditorClassIdentifier: 
  m_shaderVariableName: _Dither
  m_fadeTo: 0
