%YAML 1.1
%TAG !u! tag:unity3d.com,2011:
--- !u!1001 &2329922568031079586
PrefabInstance:
  m_ObjectHideFlags: 0
  serializedVersion: 2
  m_Modification:
    serializedVersion: 3
    m_TransformParent: {fileID: 0}
    m_Modifications:
    - target: {fileID: -8679921383154817045, guid: 3c57cc852fce21240871bc3a32ce51ab,
        type: 3}
      propertyPath: m_RootOrder
      value: 0
      objectReference: {fileID: 0}
    - target: {fileID: -8679921383154817045, guid: 3c57cc852fce21240871bc3a32ce51ab,
        type: 3}
      propertyPath: m_LocalPosition.x
      value: 12.987126
      objectReference: {fileID: 0}
    - target: {fileID: -8679921383154817045, guid: 3c57cc852fce21240871bc3a32ce51ab,
        type: 3}
      propertyPath: m_LocalPosition.y
      value: 2.11
      objectReference: {fileID: 0}
    - target: {fileID: -8679921383154817045, guid: 3c57cc852fce21240871bc3a32ce51ab,
        type: 3}
      propertyPath: m_LocalPosition.z
      value: 4.101
      objectReference: {fileID: 0}
    - target: {fileID: -8679921383154817045, guid: 3c57cc852fce21240871bc3a32ce51ab,
        type: 3}
      propertyPath: m_LocalRotation.w
      value: 1
      objectReference: {fileID: 0}
    - target: {fileID: -8679921383154817045, guid: 3c57cc852fce21240871bc3a32ce51ab,
        type: 3}
      propertyPath: m_LocalRotation.x
      value: 0.00000008146034
      objectReference: {fileID: 0}
    - target: {fileID: -8679921383154817045, guid: 3c57cc852fce21240871bc3a32ce51ab,
        type: 3}
      propertyPath: m_LocalRotation.y
      value: 0
      objectReference: {fileID: 0}
    - target: {fileID: -8679921383154817045, guid: 3c57cc852fce21240871bc3a32ce51ab,
        type: 3}
      propertyPath: m_LocalRotation.z
      value: -0
      objectReference: {fileID: 0}
    - target: {fileID: -8679921383154817045, guid: 3c57cc852fce21240871bc3a32ce51ab,
        type: 3}
      propertyPath: m_LocalEulerAnglesHint.x
      value: 0
      objectReference: {fileID: 0}
    - target: {fileID: -8679921383154817045, guid: 3c57cc852fce21240871bc3a32ce51ab,
        type: 3}
      propertyPath: m_LocalEulerAnglesHint.y
      value: 0
      objectReference: {fileID: 0}
    - target: {fileID: -8679921383154817045, guid: 3c57cc852fce21240871bc3a32ce51ab,
        type: 3}
      propertyPath: m_LocalEulerAnglesHint.z
      value: 0
      objectReference: {fileID: 0}
    - target: {fileID: -7511558181221131132, guid: 3c57cc852fce21240871bc3a32ce51ab,
        type: 3}
      propertyPath: 'm_Materials.Array.data[0]'
      value: 
      objectReference: {fileID: 2100000, guid: 488f5839eeb25a4408d68e99dc2fcd08, type: 2}
    - target: {fileID: 919132149155446097, guid: 3c57cc852fce21240871bc3a32ce51ab,
        type: 3}
      propertyPath: m_Name
      value: Window_4x Variant
      objectReference: {fileID: 0}
    - target: {fileID: 919132149155446097, guid: 3c57cc852fce21240871bc3a32ce51ab,
        type: 3}
      propertyPath: m_Layer
      value: 11
      objectReference: {fileID: 0}
    - target: {fileID: 919132149155446097, guid: 3c57cc852fce21240871bc3a32ce51ab,
        type: 3}
      propertyPath: m_StaticEditorFlags
      value: 0
      objectReference: {fileID: 0}
    - target: {fileID: 5162820104835090806, guid: 3c57cc852fce21240871bc3a32ce51ab,
        type: 3}
      propertyPath: m_Layer
      value: 11
      objectReference: {fileID: 0}
    - target: {fileID: 5162820104835090806, guid: 3c57cc852fce21240871bc3a32ce51ab,
        type: 3}
      propertyPath: m_StaticEditorFlags
      value: 0
      objectReference: {fileID: 0}
    - target: {fileID: 8029106800918022278, guid: 3c57cc852fce21240871bc3a32ce51ab,
        type: 3}
      propertyPath: m_CastShadows
      value: 0
      objectReference: {fileID: 0}
    - target: {fileID: 8029106800918022278, guid: 3c57cc852fce21240871bc3a32ce51ab,
        type: 3}
      propertyPath: 'm_Materials.Array.data[0]'
      value: 
      objectReference: {fileID: 2100000, guid: bfcef7f951e6dad4d8ee32505c5252c3, type: 2}
    m_RemovedComponents: []
    m_RemovedGameObjects: []
    m_AddedGameObjects:
    - targetCorrespondingSourceObject: {fileID: -8679921383154817045, guid: 3c57cc852fce21240871bc3a32ce51ab,
        type: 3}
      insertIndex: -1
      addedObject: {fileID: 3230672149210982356}
    m_AddedComponents:
    - targetCorrespondingSourceObject: {fileID: 919132149155446097, guid: 3c57cc852fce21240871bc3a32ce51ab,
        type: 3}
      insertIndex: -1
      addedObject: {fileID: 5722050739730926179}
    - targetCorrespondingSourceObject: {fileID: 919132149155446097, guid: 3c57cc852fce21240871bc3a32ce51ab,
        type: 3}
      insertIndex: -1
      addedObject: {fileID: 5084928058693351960}
    - targetCorrespondingSourceObject: {fileID: 5162820104835090806, guid: 3c57cc852fce21240871bc3a32ce51ab,
        type: 3}
      insertIndex: -1
      addedObject: {fileID: 1706728104002031923}
    - targetCorrespondingSourceObject: {fileID: 5162820104835090806, guid: 3c57cc852fce21240871bc3a32ce51ab,
        type: 3}
      insertIndex: -1
      addedObject: {fileID: 2124374711557038256}
  m_SourcePrefab: {fileID: 100100000, guid: 3c57cc852fce21240871bc3a32ce51ab, type: 3}
--- !u!4 &2873073663443594057 stripped
Transform:
  m_CorrespondingSourceObject: {fileID: -8679921383154817045, guid: 3c57cc852fce21240871bc3a32ce51ab,
    type: 3}
  m_PrefabInstance: {fileID: 2329922568031079586}
  m_PrefabAsset: {fileID: 0}
--- !u!1 &3212445230790193651 stripped
GameObject:
  m_CorrespondingSourceObject: {fileID: 919132149155446097, guid: 3c57cc852fce21240871bc3a32ce51ab,
    type: 3}
  m_PrefabInstance: {fileID: 2329922568031079586}
  m_PrefabAsset: {fileID: 0}
--- !u!65 &5722050739730926179
BoxCollider:
  m_ObjectHideFlags: 0
  m_CorrespondingSourceObject: {fileID: 0}
  m_PrefabInstance: {fileID: 0}
  m_PrefabAsset: {fileID: 0}
  m_GameObject: {fileID: 3212445230790193651}
  m_Material: {fileID: 0}
  m_IncludeLayers:
    serializedVersion: 2
    m_Bits: 0
  m_ExcludeLayers:
    serializedVersion: 2
    m_Bits: 0
  m_LayerOverridePriority: 0
  m_IsTrigger: 0
  m_ProvidesContacts: 0
  m_Enabled: 1
  serializedVersion: 3
  m_Size: {x: 3.0928383, y: 2.119111, z: 0.4231042}
  m_Center: {x: 0, y: 0.14104775, z: -0.21155208}
--- !u!114 &5084928058693351960
MonoBehaviour:
  m_ObjectHideFlags: 0
  m_CorrespondingSourceObject: {fileID: 0}
  m_PrefabInstance: {fileID: 0}
  m_PrefabAsset: {fileID: 0}
  m_GameObject: {fileID: 3212445230790193651}
  m_Enabled: 1
  m_EditorHideFlags: 0
  m_Script: {fileID: 11500000, guid: 48b41735204b8554198714f3693c3a81, type: 3}
  m_Name: 
  m_EditorClassIdentifier: 
  m_shaderVariableName: _PosSlider
--- !u!1 &7490482008185390548 stripped
GameObject:
  m_CorrespondingSourceObject: {fileID: 5162820104835090806, guid: 3c57cc852fce21240871bc3a32ce51ab,
    type: 3}
  m_PrefabInstance: {fileID: 2329922568031079586}
  m_PrefabAsset: {fileID: 0}
--- !u!114 &1706728104002031923
MonoBehaviour:
  m_ObjectHideFlags: 0
  m_CorrespondingSourceObject: {fileID: 0}
  m_PrefabInstance: {fileID: 0}
  m_PrefabAsset: {fileID: 0}
  m_GameObject: {fileID: 7490482008185390548}
  m_Enabled: 1
  m_EditorHideFlags: 0
  m_Script: {fileID: 11500000, guid: 48b41735204b8554198714f3693c3a81, type: 3}
  m_Name: 
  m_EditorClassIdentifier: 
  m_shaderVariableName: _Dither
--- !u!65 &2124374711557038256
BoxCollider:
  m_ObjectHideFlags: 0
  m_CorrespondingSourceObject: {fileID: 0}
  m_PrefabInstance: {fileID: 0}
  m_PrefabAsset: {fileID: 0}
  m_GameObject: {fileID: 7490482008185390548}
  m_Material: {fileID: 0}
  m_IncludeLayers:
    serializedVersion: 2
    m_Bits: 0
  m_ExcludeLayers:
    serializedVersion: 2
    m_Bits: 0
  m_LayerOverridePriority: 0
  m_IsTrigger: 0
  m_ProvidesContacts: 0
  m_Enabled: 1
  serializedVersion: 3
  m_Size: {x: 2.822917, y: 1.8225574, z: 0.003280726}
  m_Center: {x: 0, y: 0, z: 0.0016401246}
--- !u!1001 &3125249989220663359
PrefabInstance:
  m_ObjectHideFlags: 0
  serializedVersion: 2
  m_Modification:
    serializedVersion: 3
    m_TransformParent: {fileID: 2873073663443594057}
    m_Modifications:
    - target: {fileID: -8679921383154817045, guid: 3c57cc852fce21240871bc3a32ce51ab,
        type: 3}
      propertyPath: m_RootOrder
      value: 0
      objectReference: {fileID: 0}
    - target: {fileID: -8679921383154817045, guid: 3c57cc852fce21240871bc3a32ce51ab,
        type: 3}
      propertyPath: m_LocalScale.x
      value: 1
      objectReference: {fileID: 0}
    - target: {fileID: -8679921383154817045, guid: 3c57cc852fce21240871bc3a32ce51ab,
        type: 3}
      propertyPath: m_LocalScale.z
      value: 1
      objectReference: {fileID: 0}
    - target: {fileID: -8679921383154817045, guid: 3c57cc852fce21240871bc3a32ce51ab,
        type: 3}
      propertyPath: m_LocalPosition.x
      value: 0
      objectReference: {fileID: 0}
    - target: {fileID: -8679921383154817045, guid: 3c57cc852fce21240871bc3a32ce51ab,
        type: 3}
      propertyPath: m_LocalPosition.y
      value: 0
      objectReference: {fileID: 0}
    - target: {fileID: -8679921383154817045, guid: 3c57cc852fce21240871bc3a32ce51ab,
        type: 3}
      propertyPath: m_LocalPosition.z
      value: 0
      objectReference: {fileID: 0}
    - target: {fileID: -8679921383154817045, guid: 3c57cc852fce21240871bc3a32ce51ab,
        type: 3}
      propertyPath: m_LocalRotation.w
      value: 1
      objectReference: {fileID: 0}
    - target: {fileID: -8679921383154817045, guid: 3c57cc852fce21240871bc3a32ce51ab,
        type: 3}
      propertyPath: m_LocalRotation.x
      value: 0.00000008146034
      objectReference: {fileID: 0}
    - target: {fileID: -8679921383154817045, guid: 3c57cc852fce21240871bc3a32ce51ab,
        type: 3}
      propertyPath: m_LocalRotation.y
      value: 0
      objectReference: {fileID: 0}
    - target: {fileID: -8679921383154817045, guid: 3c57cc852fce21240871bc3a32ce51ab,
        type: 3}
      propertyPath: m_LocalRotation.z
      value: -0
      objectReference: {fileID: 0}
    - target: {fileID: -8679921383154817045, guid: 3c57cc852fce21240871bc3a32ce51ab,
        type: 3}
      propertyPath: m_LocalEulerAnglesHint.x
      value: 0
      objectReference: {fileID: 0}
    - target: {fileID: -8679921383154817045, guid: 3c57cc852fce21240871bc3a32ce51ab,
        type: 3}
      propertyPath: m_LocalEulerAnglesHint.y
      value: 0
      objectReference: {fileID: 0}
    - target: {fileID: -8679921383154817045, guid: 3c57cc852fce21240871bc3a32ce51ab,
        type: 3}
      propertyPath: m_LocalEulerAnglesHint.z
      value: 0
      objectReference: {fileID: 0}
    - target: {fileID: -7511558181221131132, guid: 3c57cc852fce21240871bc3a32ce51ab,
        type: 3}
      propertyPath: m_CastShadows
      value: 3
      objectReference: {fileID: 0}
    - target: {fileID: -7511558181221131132, guid: 3c57cc852fce21240871bc3a32ce51ab,
        type: 3}
      propertyPath: 'm_Materials.Array.data[0]'
      value: 
      objectReference: {fileID: 2100000, guid: 488f5839eeb25a4408d68e99dc2fcd08, type: 2}
    - target: {fileID: 919132149155446097, guid: 3c57cc852fce21240871bc3a32ce51ab,
        type: 3}
      propertyPath: m_Name
      value: Window_4x Variant
      objectReference: {fileID: 0}
    - target: {fileID: 919132149155446097, guid: 3c57cc852fce21240871bc3a32ce51ab,
        type: 3}
      propertyPath: m_Layer
      value: 11
      objectReference: {fileID: 0}
    - target: {fileID: 919132149155446097, guid: 3c57cc852fce21240871bc3a32ce51ab,
        type: 3}
      propertyPath: m_StaticEditorFlags
      value: 0
      objectReference: {fileID: 0}
    - target: {fileID: 5162820104835090806, guid: 3c57cc852fce21240871bc3a32ce51ab,
        type: 3}
      propertyPath: m_StaticEditorFlags
      value: 0
      objectReference: {fileID: 0}
    - target: {fileID: 8029106800918022278, guid: 3c57cc852fce21240871bc3a32ce51ab,
        type: 3}
      propertyPath: 'm_Materials.Array.data[0]'
      value: 
      objectReference: {fileID: 2100000, guid: bfcef7f951e6dad4d8ee32505c5252c3, type: 2}
    m_RemovedComponents: []
    m_RemovedGameObjects:
    - {fileID: 5162820104835090806, guid: 3c57cc852fce21240871bc3a32ce51ab, type: 3}
    m_AddedGameObjects: []
    m_AddedComponents: []
  m_SourcePrefab: {fileID: 100100000, guid: 3c57cc852fce21240871bc3a32ce51ab, type: 3}
--- !u!4 &3230672149210982356 stripped
Transform:
  m_CorrespondingSourceObject: {fileID: -8679921383154817045, guid: 3c57cc852fce21240871bc3a32ce51ab,
    type: 3}
  m_PrefabInstance: {fileID: 3125249989220663359}
  m_PrefabAsset: {fileID: 0}
