%YAML 1.1
%TAG !u! tag:unity3d.com,2011:
--- !u!29 &1
OcclusionCullingSettings:
  m_ObjectHideFlags: 0
  serializedVersion: 2
  m_OcclusionBakeSettings:
    smallestOccluder: 5
    smallestHole: 0.25
    backfaceThreshold: 100
  m_SceneGUID: 00000000000000000000000000000000
  m_OcclusionCullingData: {fileID: 0}
--- !u!104 &2
RenderSettings:
  m_ObjectHideFlags: 0
  serializedVersion: 9
  m_Fog: 0
  m_FogColor: {r: 0.5, g: 0.5, b: 0.5, a: 1}
  m_FogMode: 3
  m_FogDensity: 0.01
  m_LinearFogStart: 0
  m_LinearFogEnd: 300
  m_AmbientSkyColor: {r: 0, g: 0, b: 0, a: 1}
  m_AmbientEquatorColor: {r: 0.114, g: 0.125, b: 0.133, a: 1}
  m_AmbientGroundColor: {r: 0.047, g: 0.043, b: 0.035, a: 1}
  m_AmbientIntensity: 1
  m_AmbientMode: 3
  m_SubtractiveShadowColor: {r: 0.42, g: 0.478, b: 0.627, a: 1}
  m_SkyboxMaterial: {fileID: 2100000, guid: ebb171e02d7a621479dc0b94eb451263, type: 2}
  m_HaloStrength: 0.5
  m_FlareStrength: 1
  m_FlareFadeSpeed: 3
  m_HaloTexture: {fileID: 0}
  m_SpotCookie: {fileID: 10001, guid: 0000000000000000e000000000000000, type: 0}
  m_DefaultReflectionMode: 0
  m_DefaultReflectionResolution: 128
  m_ReflectionBounces: 1
  m_ReflectionIntensity: 1
  m_CustomReflection: {fileID: 0}
  m_Sun: {fileID: 0}
  m_IndirectSpecularColor: {r: 0.17908743, g: 0.29548353, b: 0.529834, a: 1}
  m_UseRadianceAmbientProbe: 0
--- !u!157 &3
LightmapSettings:
  m_ObjectHideFlags: 0
  serializedVersion: 12
  m_GIWorkflowMode: 1
  m_GISettings:
    serializedVersion: 2
    m_BounceScale: 1
    m_IndirectOutputScale: 1
    m_AlbedoBoost: 1
    m_EnvironmentLightingMode: 0
    m_EnableBakedLightmaps: 1
    m_EnableRealtimeLightmaps: 0
  m_LightmapEditorSettings:
    serializedVersion: 12
    m_Resolution: 2
    m_BakeResolution: 40
    m_AtlasSize: 1024
    m_AO: 0
    m_AOMaxDistance: 1
    m_CompAOExponent: 1
    m_CompAOExponentDirect: 0
    m_ExtractAmbientOcclusion: 0
    m_Padding: 2
    m_LightmapParameters: {fileID: 0}
    m_LightmapsBakeMode: 1
    m_TextureCompression: 1
    m_ReflectionCompression: 2
    m_MixedBakeMode: 2
    m_BakeBackend: 1
    m_PVRSampling: 1
    m_PVRDirectSampleCount: 32
    m_PVRSampleCount: 512
    m_PVRBounces: 2
    m_PVREnvironmentSampleCount: 256
    m_PVREnvironmentReferencePointCount: 2048
    m_PVRFilteringMode: 1
    m_PVRDenoiserTypeDirect: 1
    m_PVRDenoiserTypeIndirect: 1
    m_PVRDenoiserTypeAO: 1
    m_PVRFilterTypeDirect: 0
    m_PVRFilterTypeIndirect: 0
    m_PVRFilterTypeAO: 0
    m_PVREnvironmentMIS: 1
    m_PVRCulling: 1
    m_PVRFilteringGaussRadiusDirect: 1
    m_PVRFilteringGaussRadiusIndirect: 5
    m_PVRFilteringGaussRadiusAO: 2
    m_PVRFilteringAtrousPositionSigmaDirect: 0.5
    m_PVRFilteringAtrousPositionSigmaIndirect: 2
    m_PVRFilteringAtrousPositionSigmaAO: 1
    m_ExportTrainingData: 0
    m_TrainingDataDestination: TrainingData
    m_LightProbeSampleCountMultiplier: 4
  m_LightingDataAsset: {fileID: 112000008, guid: 360fa3f6d275e7a42bb8afe39beaa39c,
    type: 2}
  m_LightingSettings: {fileID: 4890085278179872738, guid: 9d8b31119b1a75d4b9fc88160f75acad,
    type: 2}
--- !u!196 &4
NavMeshSettings:
  serializedVersion: 2
  m_ObjectHideFlags: 0
  m_BuildSettings:
    serializedVersion: 3
    agentTypeID: 0
    agentRadius: 0.5
    agentHeight: 2
    agentSlope: 45
    agentClimb: 0.4
    ledgeDropHeight: 0
    maxJumpAcrossDistance: 0
    minRegionArea: 2
    manualCellSize: 0
    cellSize: 0.16666667
    manualTileSize: 0
    tileSize: 256
    buildHeightMesh: 0
    maxJobWorkers: 0
    preserveTilesOutsideBounds: 0
    debug:
      m_Flags: 0
  m_NavMeshData: {fileID: 0}
--- !u!1 &173213335
GameObject:
  m_ObjectHideFlags: 0
  m_CorrespondingSourceObject: {fileID: 0}
  m_PrefabInstance: {fileID: 0}
  m_PrefabAsset: {fileID: 0}
  serializedVersion: 6
  m_Component:
  - component: {fileID: 173213337}
  - component: {fileID: 173213336}
  m_Layer: 0
  m_Name: Director
  m_TagString: Untagged
  m_Icon: {fileID: 0}
  m_NavMeshLayer: 0
  m_StaticEditorFlags: 0
  m_IsActive: 1
--- !u!320 &173213336
PlayableDirector:
  m_ObjectHideFlags: 0
  m_CorrespondingSourceObject: {fileID: 0}
  m_PrefabInstance: {fileID: 0}
  m_PrefabAsset: {fileID: 0}
  m_GameObject: {fileID: 173213335}
  m_Enabled: 1
  serializedVersion: 3
  m_PlayableAsset: {fileID: 11400000, guid: 5af97318859928a47a83a26904c2972f, type: 2}
  m_InitialState: 1
  m_WrapMode: 1
  m_DirectorUpdateMode: 1
  m_InitialTime: 0
  m_SceneBindings:
  - key: {fileID: 924699024430753800, guid: 5af97318859928a47a83a26904c2972f, type: 2}
    value: {fileID: 2117086287}
  m_ExposedReferences:
    m_References: []
--- !u!4 &173213337
Transform:
  m_ObjectHideFlags: 0
  m_CorrespondingSourceObject: {fileID: 0}
  m_PrefabInstance: {fileID: 0}
  m_PrefabAsset: {fileID: 0}
  m_GameObject: {fileID: 173213335}
  m_LocalRotation: {x: 0, y: 0, z: 0, w: 1}
  m_LocalPosition: {x: 5.150026, y: 3.8740213, z: 7.348025}
  m_LocalScale: {x: 1, y: 1, z: 1}
  m_ConstrainProportionsScale: 0
  m_Children: []
  m_Father: {fileID: 0}
  m_RootOrder: 1
  m_LocalEulerAnglesHint: {x: 0, y: 0, z: 0}
--- !u!1001 &704581367
PrefabInstance:
  m_ObjectHideFlags: 0
  serializedVersion: 2
  m_Modification:
    serializedVersion: 3
    m_TransformParent: {fileID: 0}
    m_Modifications:
    - target: {fileID: 93401488102838770, guid: fd90370cfee32cd4f965784ff963b51b,
        type: 3}
      propertyPath: m_Layer
      value: 10
      objectReference: {fileID: 0}
    - target: {fileID: 112246084444703580, guid: fd90370cfee32cd4f965784ff963b51b,
        type: 3}
      propertyPath: 'm_Materials.Array.data[0]'
      value: 
      objectReference: {fileID: 2100000, guid: b414a4802e3c9f94c81d810b6aec8470, type: 2}
    - target: {fileID: 188917581176823692, guid: fd90370cfee32cd4f965784ff963b51b,
        type: 3}
      propertyPath: m_Layer
      value: 10
      objectReference: {fileID: 0}
    - target: {fileID: 188917581176823692, guid: fd90370cfee32cd4f965784ff963b51b,
        type: 3}
      propertyPath: m_IsActive
      value: 0
      objectReference: {fileID: 0}
    - target: {fileID: 608787911466699458, guid: fd90370cfee32cd4f965784ff963b51b,
        type: 3}
      propertyPath: m_Layer
      value: 10
      objectReference: {fileID: 0}
    - target: {fileID: 618711166012228341, guid: fd90370cfee32cd4f965784ff963b51b,
        type: 3}
      propertyPath: m_Layer
      value: 10
      objectReference: {fileID: 0}
    - target: {fileID: 717115761318388881, guid: fd90370cfee32cd4f965784ff963b51b,
        type: 3}
      propertyPath: m_Layer
      value: 10
      objectReference: {fileID: 0}
    - target: {fileID: 759107591793897819, guid: fd90370cfee32cd4f965784ff963b51b,
        type: 3}
      propertyPath: m_Layer
      value: 10
      objectReference: {fileID: 0}
    - target: {fileID: 904045918781885976, guid: fd90370cfee32cd4f965784ff963b51b,
        type: 3}
      propertyPath: m_Layer
      value: 10
      objectReference: {fileID: 0}
    - target: {fileID: 932660445375530196, guid: fd90370cfee32cd4f965784ff963b51b,
        type: 3}
      propertyPath: m_Enabled
      value: 0
      objectReference: {fileID: 0}
    - target: {fileID: 1000128533286672177, guid: fd90370cfee32cd4f965784ff963b51b,
        type: 3}
      propertyPath: m_Controller
      value: 
      objectReference: {fileID: 9100000, guid: 3eef0360a1e67284dadcc205ae4f8807, type: 2}
    - target: {fileID: 1006956923542692407, guid: fd90370cfee32cd4f965784ff963b51b,
        type: 3}
      propertyPath: 'm_Materials.Array.data[0]'
      value: 
      objectReference: {fileID: 2100000, guid: a5a9e1a85735c874a8f919c3d895dd9b, type: 2}
    - target: {fileID: 1007944495178499797, guid: fd90370cfee32cd4f965784ff963b51b,
        type: 3}
      propertyPath: m_Layer
      value: 10
      objectReference: {fileID: 0}
    - target: {fileID: 1104273317031762291, guid: fd90370cfee32cd4f965784ff963b51b,
        type: 3}
      propertyPath: m_Layer
      value: 10
      objectReference: {fileID: 0}
    - target: {fileID: 1184677155435896253, guid: fd90370cfee32cd4f965784ff963b51b,
        type: 3}
      propertyPath: m_Layer
      value: 10
      objectReference: {fileID: 0}
    - target: {fileID: 1473945176447658930, guid: fd90370cfee32cd4f965784ff963b51b,
        type: 3}
      propertyPath: m_Layer
      value: 10
      objectReference: {fileID: 0}
    - target: {fileID: 1473945176447658930, guid: fd90370cfee32cd4f965784ff963b51b,
        type: 3}
      propertyPath: m_IsActive
      value: 1
      objectReference: {fileID: 0}
    - target: {fileID: 1860397604516868058, guid: fd90370cfee32cd4f965784ff963b51b,
        type: 3}
      propertyPath: m_Layer
      value: 10
      objectReference: {fileID: 0}
    - target: {fileID: 2185715869766500065, guid: fd90370cfee32cd4f965784ff963b51b,
        type: 3}
      propertyPath: m_Layer
      value: 10
      objectReference: {fileID: 0}
    - target: {fileID: 2185884699326861159, guid: fd90370cfee32cd4f965784ff963b51b,
        type: 3}
      propertyPath: m_Constraints
      value: 116
      objectReference: {fileID: 0}
    - target: {fileID: 2276193286026471340, guid: fd90370cfee32cd4f965784ff963b51b,
        type: 3}
      propertyPath: m_Layer
      value: 10
      objectReference: {fileID: 0}
    - target: {fileID: 2518276534256291504, guid: fd90370cfee32cd4f965784ff963b51b,
        type: 3}
      propertyPath: m_Layer
      value: 10
      objectReference: {fileID: 0}
    - target: {fileID: 2538666802167547355, guid: fd90370cfee32cd4f965784ff963b51b,
        type: 3}
      propertyPath: m_Layer
      value: 10
      objectReference: {fileID: 0}
    - target: {fileID: 2547151599236261446, guid: fd90370cfee32cd4f965784ff963b51b,
        type: 3}
      propertyPath: m_Layer
      value: 10
      objectReference: {fileID: 0}
    - target: {fileID: 3028024968987078109, guid: fd90370cfee32cd4f965784ff963b51b,
        type: 3}
      propertyPath: m_Layer
      value: 10
      objectReference: {fileID: 0}
    - target: {fileID: 3028024968987078109, guid: fd90370cfee32cd4f965784ff963b51b,
        type: 3}
      propertyPath: m_IsActive
      value: 0
      objectReference: {fileID: 0}
    - target: {fileID: 3158073423454967882, guid: fd90370cfee32cd4f965784ff963b51b,
        type: 3}
      propertyPath: m_Enabled
      value: 0
      objectReference: {fileID: 0}
    - target: {fileID: 3263346444068238278, guid: fd90370cfee32cd4f965784ff963b51b,
        type: 3}
      propertyPath: m_Enabled
      value: 0
      objectReference: {fileID: 0}
    - target: {fileID: 3320289346399229912, guid: fd90370cfee32cd4f965784ff963b51b,
        type: 3}
      propertyPath: m_Layer
      value: 10
      objectReference: {fileID: 0}
    - target: {fileID: 3419831884944794245, guid: fd90370cfee32cd4f965784ff963b51b,
        type: 3}
      propertyPath: m_Layer
      value: 10
      objectReference: {fileID: 0}
    - target: {fileID: 3424871512176494177, guid: fd90370cfee32cd4f965784ff963b51b,
        type: 3}
      propertyPath: m_Layer
      value: 10
      objectReference: {fileID: 0}
    - target: {fileID: 3581271440783885401, guid: fd90370cfee32cd4f965784ff963b51b,
        type: 3}
      propertyPath: m_Layer
      value: 10
      objectReference: {fileID: 0}
    - target: {fileID: 4027461449894673649, guid: fd90370cfee32cd4f965784ff963b51b,
        type: 3}
      propertyPath: m_Layer
      value: 10
      objectReference: {fileID: 0}
    - target: {fileID: 4417904192989477456, guid: fd90370cfee32cd4f965784ff963b51b,
        type: 3}
      propertyPath: m_Layer
      value: 10
      objectReference: {fileID: 0}
    - target: {fileID: 4573312104908316804, guid: fd90370cfee32cd4f965784ff963b51b,
        type: 3}
      propertyPath: m_Layer
      value: 10
      objectReference: {fileID: 0}
    - target: {fileID: 4639586136359059759, guid: fd90370cfee32cd4f965784ff963b51b,
        type: 3}
      propertyPath: m_Layer
      value: 10
      objectReference: {fileID: 0}
    - target: {fileID: 4781180942327662297, guid: fd90370cfee32cd4f965784ff963b51b,
        type: 3}
      propertyPath: m_Layer
      value: 10
      objectReference: {fileID: 0}
    - target: {fileID: 4788045790747577568, guid: fd90370cfee32cd4f965784ff963b51b,
        type: 3}
      propertyPath: m_Layer
      value: 10
      objectReference: {fileID: 0}
    - target: {fileID: 4861321185492594708, guid: fd90370cfee32cd4f965784ff963b51b,
        type: 3}
      propertyPath: m_Layer
      value: 10
      objectReference: {fileID: 0}
    - target: {fileID: 4905574646051597714, guid: fd90370cfee32cd4f965784ff963b51b,
        type: 3}
      propertyPath: m_Layer
      value: 10
      objectReference: {fileID: 0}
    - target: {fileID: 5314191961824532114, guid: fd90370cfee32cd4f965784ff963b51b,
        type: 3}
      propertyPath: m_Layer
      value: 10
      objectReference: {fileID: 0}
    - target: {fileID: 5326022145707966534, guid: fd90370cfee32cd4f965784ff963b51b,
        type: 3}
      propertyPath: 'm_Materials.Array.data[0]'
      value: 
      objectReference: {fileID: 2100000, guid: 460d10f3f9d180c48ac83364140bfe2a, type: 2}
    - target: {fileID: 5326022145707966534, guid: fd90370cfee32cd4f965784ff963b51b,
        type: 3}
      propertyPath: 'm_Materials.Array.data[1]'
      value: 
      objectReference: {fileID: 2100000, guid: 460d10f3f9d180c48ac83364140bfe2a, type: 2}
    - target: {fileID: 5344122254859748753, guid: fd90370cfee32cd4f965784ff963b51b,
        type: 3}
      propertyPath: m_Enabled
      value: 0
      objectReference: {fileID: 0}
    - target: {fileID: 5489765783759512858, guid: fd90370cfee32cd4f965784ff963b51b,
        type: 3}
      propertyPath: m_Layer
      value: 10
      objectReference: {fileID: 0}
    - target: {fileID: 5785674037971998705, guid: fd90370cfee32cd4f965784ff963b51b,
        type: 3}
      propertyPath: m_Name
      value: Character Variant
      objectReference: {fileID: 0}
    - target: {fileID: 5785674037971998705, guid: fd90370cfee32cd4f965784ff963b51b,
        type: 3}
      propertyPath: m_Layer
      value: 10
      objectReference: {fileID: 0}
    - target: {fileID: 5785674037971998705, guid: fd90370cfee32cd4f965784ff963b51b,
        type: 3}
      propertyPath: m_TagString
      value: Player
      objectReference: {fileID: 0}
    - target: {fileID: 5979006522576161600, guid: fd90370cfee32cd4f965784ff963b51b,
        type: 3}
      propertyPath: m_Layer
      value: 10
      objectReference: {fileID: 0}
    - target: {fileID: 6030244136589438399, guid: fd90370cfee32cd4f965784ff963b51b,
        type: 3}
      propertyPath: m_Layer
      value: 10
      objectReference: {fileID: 0}
    - target: {fileID: 6070510802103692350, guid: fd90370cfee32cd4f965784ff963b51b,
        type: 3}
      propertyPath: m_Layer
      value: 10
      objectReference: {fileID: 0}
    - target: {fileID: 6077810734994292734, guid: fd90370cfee32cd4f965784ff963b51b,
        type: 3}
      propertyPath: m_Enabled
      value: 0
      objectReference: {fileID: 0}
    - target: {fileID: 6157423324097747848, guid: fd90370cfee32cd4f965784ff963b51b,
        type: 3}
      propertyPath: m_Layer
      value: 10
      objectReference: {fileID: 0}
    - target: {fileID: 6371492302205262995, guid: fd90370cfee32cd4f965784ff963b51b,
        type: 3}
      propertyPath: m_Layer
      value: 10
      objectReference: {fileID: 0}
    - target: {fileID: 6557530566721604939, guid: fd90370cfee32cd4f965784ff963b51b,
        type: 3}
      propertyPath: m_RootOrder
      value: 0
      objectReference: {fileID: 0}
    - target: {fileID: 6557530566721604939, guid: fd90370cfee32cd4f965784ff963b51b,
        type: 3}
      propertyPath: m_LocalPosition.x
      value: 3.046
      objectReference: {fileID: 0}
    - target: {fileID: 6557530566721604939, guid: fd90370cfee32cd4f965784ff963b51b,
        type: 3}
      propertyPath: m_LocalPosition.y
      value: 4.32
      objectReference: {fileID: 0}
    - target: {fileID: 6557530566721604939, guid: fd90370cfee32cd4f965784ff963b51b,
        type: 3}
      propertyPath: m_LocalPosition.z
      value: 7.696
      objectReference: {fileID: 0}
    - target: {fileID: 6557530566721604939, guid: fd90370cfee32cd4f965784ff963b51b,
        type: 3}
      propertyPath: m_LocalRotation.w
      value: 0.7740115
      objectReference: {fileID: 0}
    - target: {fileID: 6557530566721604939, guid: fd90370cfee32cd4f965784ff963b51b,
        type: 3}
      propertyPath: m_LocalRotation.x
      value: -0
      objectReference: {fileID: 0}
    - target: {fileID: 6557530566721604939, guid: fd90370cfee32cd4f965784ff963b51b,
        type: 3}
      propertyPath: m_LocalRotation.y
      value: -0.6331716
      objectReference: {fileID: 0}
    - target: {fileID: 6557530566721604939, guid: fd90370cfee32cd4f965784ff963b51b,
        type: 3}
      propertyPath: m_LocalRotation.z
      value: -0
      objectReference: {fileID: 0}
    - target: {fileID: 6557530566721604939, guid: fd90370cfee32cd4f965784ff963b51b,
        type: 3}
      propertyPath: m_LocalEulerAnglesHint.x
      value: 0
      objectReference: {fileID: 0}
    - target: {fileID: 6557530566721604939, guid: fd90370cfee32cd4f965784ff963b51b,
        type: 3}
      propertyPath: m_LocalEulerAnglesHint.y
      value: -78.569
      objectReference: {fileID: 0}
    - target: {fileID: 6557530566721604939, guid: fd90370cfee32cd4f965784ff963b51b,
        type: 3}
      propertyPath: m_LocalEulerAnglesHint.z
      value: 0
      objectReference: {fileID: 0}
    - target: {fileID: 6721232116779641825, guid: fd90370cfee32cd4f965784ff963b51b,
        type: 3}
      propertyPath: m_Layer
      value: 10
      objectReference: {fileID: 0}
    - target: {fileID: 6721232116779641825, guid: fd90370cfee32cd4f965784ff963b51b,
        type: 3}
      propertyPath: m_IsActive
      value: 0
      objectReference: {fileID: 0}
    - target: {fileID: 6793883730538335378, guid: fd90370cfee32cd4f965784ff963b51b,
        type: 3}
      propertyPath: m_Layer
      value: 10
      objectReference: {fileID: 0}
    - target: {fileID: 6944216206637338960, guid: fd90370cfee32cd4f965784ff963b51b,
        type: 3}
      propertyPath: 'm_Materials.Array.data[0]'
      value: 
      objectReference: {fileID: 2100000, guid: d75be67633fbcec48830b6a83c630edc, type: 2}
    - target: {fileID: 6962153562566325509, guid: fd90370cfee32cd4f965784ff963b51b,
        type: 3}
      propertyPath: m_Layer
      value: 10
      objectReference: {fileID: 0}
    - target: {fileID: 7055764022522423149, guid: fd90370cfee32cd4f965784ff963b51b,
        type: 3}
      propertyPath: m_Enabled
      value: 0
      objectReference: {fileID: 0}
    - target: {fileID: 7118992512541304020, guid: fd90370cfee32cd4f965784ff963b51b,
        type: 3}
      propertyPath: m_Layer
      value: 10
      objectReference: {fileID: 0}
    - target: {fileID: 7157298600945672640, guid: fd90370cfee32cd4f965784ff963b51b,
        type: 3}
      propertyPath: m_Enabled
      value: 0
      objectReference: {fileID: 0}
    - target: {fileID: 7294946988308426311, guid: fd90370cfee32cd4f965784ff963b51b,
        type: 3}
      propertyPath: m_Layer
      value: 10
      objectReference: {fileID: 0}
    - target: {fileID: 7302941925751093932, guid: fd90370cfee32cd4f965784ff963b51b,
        type: 3}
      propertyPath: m_Layer
      value: 10
      objectReference: {fileID: 0}
    - target: {fileID: 7455441563354929125, guid: fd90370cfee32cd4f965784ff963b51b,
        type: 3}
      propertyPath: 'm_Materials.Array.data[0]'
      value: 
      objectReference: {fileID: 2100000, guid: f68da8f08212cb64a8a9f1cbcba063e8, type: 2}
    - target: {fileID: 7455441563354929125, guid: fd90370cfee32cd4f965784ff963b51b,
        type: 3}
      propertyPath: 'm_Materials.Array.data[1]'
      value: 
      objectReference: {fileID: 2100000, guid: bfcef7f951e6dad4d8ee32505c5252c3, type: 2}
    - target: {fileID: 7499065540853721496, guid: fd90370cfee32cd4f965784ff963b51b,
        type: 3}
      propertyPath: m_Layer
      value: 10
      objectReference: {fileID: 0}
    - target: {fileID: 7619505110223639922, guid: fd90370cfee32cd4f965784ff963b51b,
        type: 3}
      propertyPath: m_Layer
      value: 10
      objectReference: {fileID: 0}
    - target: {fileID: 7645228941300481760, guid: fd90370cfee32cd4f965784ff963b51b,
        type: 3}
      propertyPath: m_Layer
      value: 10
      objectReference: {fileID: 0}
    - target: {fileID: 8134890298535542630, guid: fd90370cfee32cd4f965784ff963b51b,
        type: 3}
      propertyPath: m_Layer
      value: 10
      objectReference: {fileID: 0}
    - target: {fileID: 8134890298535542630, guid: fd90370cfee32cd4f965784ff963b51b,
        type: 3}
      propertyPath: m_IsActive
      value: 0
      objectReference: {fileID: 0}
    - target: {fileID: 8153702736053683278, guid: fd90370cfee32cd4f965784ff963b51b,
        type: 3}
      propertyPath: m_Layer
      value: 10
      objectReference: {fileID: 0}
    - target: {fileID: 8376657151556483178, guid: fd90370cfee32cd4f965784ff963b51b,
        type: 3}
      propertyPath: m_Enabled
      value: 0
      objectReference: {fileID: 0}
    - target: {fileID: 8411707685236252355, guid: fd90370cfee32cd4f965784ff963b51b,
        type: 3}
      propertyPath: m_Layer
      value: 10
      objectReference: {fileID: 0}
    - target: {fileID: 8547404347782680118, guid: fd90370cfee32cd4f965784ff963b51b,
        type: 3}
      propertyPath: m_Layer
      value: 10
      objectReference: {fileID: 0}
    - target: {fileID: 8745658345311288066, guid: fd90370cfee32cd4f965784ff963b51b,
        type: 3}
      propertyPath: m_Layer
      value: 10
      objectReference: {fileID: 0}
    - target: {fileID: 8889599516065312901, guid: fd90370cfee32cd4f965784ff963b51b,
        type: 3}
      propertyPath: m_Layer
      value: 10
      objectReference: {fileID: 0}
    - target: {fileID: 8889599516065312901, guid: fd90370cfee32cd4f965784ff963b51b,
        type: 3}
      propertyPath: m_IsActive
      value: 0
      objectReference: {fileID: 0}
    - target: {fileID: 9032189250090434802, guid: fd90370cfee32cd4f965784ff963b51b,
        type: 3}
      propertyPath: m_Enabled
      value: 0
      objectReference: {fileID: 0}
    - target: {fileID: 9106539352116084372, guid: fd90370cfee32cd4f965784ff963b51b,
        type: 3}
      propertyPath: m_Enabled
      value: 0
      objectReference: {fileID: 0}
    m_RemovedComponents: []
    m_RemovedGameObjects: []
    m_AddedGameObjects:
    - targetCorrespondingSourceObject: {fileID: 7653343176368209020, guid: fd90370cfee32cd4f965784ff963b51b,
        type: 3}
      insertIndex: 0
      addedObject: {fileID: 1598016905}
    - targetCorrespondingSourceObject: {fileID: 3591115956691739741, guid: fd90370cfee32cd4f965784ff963b51b,
        type: 3}
      insertIndex: -1
      addedObject: {fileID: 1753879550}
    - targetCorrespondingSourceObject: {fileID: 6736864744529251299, guid: fd90370cfee32cd4f965784ff963b51b,
        type: 3}
      insertIndex: -1
      addedObject: {fileID: 1475775998}
    m_AddedComponents: []
  m_SourcePrefab: {fileID: 100100000, guid: fd90370cfee32cd4f965784ff963b51b, type: 3}
--- !u!4 &1002814404 stripped
Transform:
  m_CorrespondingSourceObject: {fileID: 7653343176368209020, guid: fd90370cfee32cd4f965784ff963b51b,
    type: 3}
  m_PrefabInstance: {fileID: 704581367}
  m_PrefabAsset: {fileID: 0}
--- !u!4 &1276218959 stripped
Transform:
  m_CorrespondingSourceObject: {fileID: 6736864744529251299, guid: fd90370cfee32cd4f965784ff963b51b,
    type: 3}
  m_PrefabInstance: {fileID: 704581367}
  m_PrefabAsset: {fileID: 0}
--- !u!1001 &1475775997
PrefabInstance:
  m_ObjectHideFlags: 0
  serializedVersion: 2
  m_Modification:
    serializedVersion: 3
    m_TransformParent: {fileID: 1276218959}
    m_Modifications:
    - target: {fileID: 985993191906224793, guid: befd8bf4528ed634bb4882f56c96086e,
        type: 3}
      propertyPath: m_Layer
      value: 10
      objectReference: {fileID: 0}
    - target: {fileID: 985993191906224793, guid: befd8bf4528ed634bb4882f56c96086e,
        type: 3}
      propertyPath: m_IsActive
      value: 0
      objectReference: {fileID: 0}
    - target: {fileID: 1104364334398039398, guid: befd8bf4528ed634bb4882f56c96086e,
        type: 3}
      propertyPath: rmsCount
      value: 2
      objectReference: {fileID: 0}
    - target: {fileID: 1247943343757501116, guid: befd8bf4528ed634bb4882f56c96086e,
        type: 3}
      propertyPath: m_Name
      value: Cups
      objectReference: {fileID: 0}
    - target: {fileID: 1247943343757501116, guid: befd8bf4528ed634bb4882f56c96086e,
        type: 3}
      propertyPath: m_Layer
      value: 10
      objectReference: {fileID: 0}
    - target: {fileID: 1291603580390986935, guid: befd8bf4528ed634bb4882f56c96086e,
        type: 3}
      propertyPath: m_Layer
      value: 10
      objectReference: {fileID: 0}
    - target: {fileID: 1503040849100413166, guid: befd8bf4528ed634bb4882f56c96086e,
        type: 3}
      propertyPath: m_SizeDelta.x
      value: 50
      objectReference: {fileID: 0}
    - target: {fileID: 1503040849100413166, guid: befd8bf4528ed634bb4882f56c96086e,
        type: 3}
      propertyPath: m_SizeDelta.y
      value: 50
      objectReference: {fileID: 0}
    - target: {fileID: 1766540077446799049, guid: befd8bf4528ed634bb4882f56c96086e,
        type: 3}
      propertyPath: m_Enabled
      value: 0
      objectReference: {fileID: 0}
    - target: {fileID: 1880892173441497094, guid: befd8bf4528ed634bb4882f56c96086e,
        type: 3}
      propertyPath: m_RootOrder
      value: -1
      objectReference: {fileID: 0}
    - target: {fileID: 1880892173441497094, guid: befd8bf4528ed634bb4882f56c96086e,
        type: 3}
      propertyPath: m_LocalScale.x
      value: -1
      objectReference: {fileID: 0}
    - target: {fileID: 1880892173441497094, guid: befd8bf4528ed634bb4882f56c96086e,
        type: 3}
      propertyPath: m_LocalScale.y
      value: -1
      objectReference: {fileID: 0}
    - target: {fileID: 1880892173441497094, guid: befd8bf4528ed634bb4882f56c96086e,
        type: 3}
      propertyPath: m_LocalScale.z
      value: -1
      objectReference: {fileID: 0}
    - target: {fileID: 1880892173441497094, guid: befd8bf4528ed634bb4882f56c96086e,
        type: 3}
      propertyPath: m_LocalPosition.x
      value: -0.099
      objectReference: {fileID: 0}
    - target: {fileID: 1880892173441497094, guid: befd8bf4528ed634bb4882f56c96086e,
        type: 3}
      propertyPath: m_LocalPosition.y
      value: -0.061
      objectReference: {fileID: 0}
    - target: {fileID: 1880892173441497094, guid: befd8bf4528ed634bb4882f56c96086e,
        type: 3}
      propertyPath: m_LocalPosition.z
      value: -0.075
      objectReference: {fileID: 0}
    - target: {fileID: 1880892173441497094, guid: befd8bf4528ed634bb4882f56c96086e,
        type: 3}
      propertyPath: m_LocalRotation.w
      value: 0.02448772
      objectReference: {fileID: 0}
    - target: {fileID: 1880892173441497094, guid: befd8bf4528ed634bb4882f56c96086e,
        type: 3}
      propertyPath: m_LocalRotation.x
      value: -0.044191092
      objectReference: {fileID: 0}
    - target: {fileID: 1880892173441497094, guid: befd8bf4528ed634bb4882f56c96086e,
        type: 3}
      propertyPath: m_LocalRotation.y
      value: 0.6040006
      objectReference: {fileID: 0}
    - target: {fileID: 1880892173441497094, guid: befd8bf4528ed634bb4882f56c96086e,
        type: 3}
      propertyPath: m_LocalRotation.z
      value: -0.795381
      objectReference: {fileID: 0}
    - target: {fileID: 1880892173441497094, guid: befd8bf4528ed634bb4882f56c96086e,
        type: 3}
      propertyPath: m_LocalEulerAnglesHint.x
      value: 73.467
      objectReference: {fileID: 0}
    - target: {fileID: 1880892173441497094, guid: befd8bf4528ed634bb4882f56c96086e,
        type: 3}
      propertyPath: m_LocalEulerAnglesHint.y
      value: 20.548
      objectReference: {fileID: 0}
    - target: {fileID: 1880892173441497094, guid: befd8bf4528ed634bb4882f56c96086e,
        type: 3}
      propertyPath: m_LocalEulerAnglesHint.z
      value: 198.934
      objectReference: {fileID: 0}
    - target: {fileID: 2863789673410093758, guid: befd8bf4528ed634bb4882f56c96086e,
        type: 3}
      propertyPath: m_Layer
      value: 10
      objectReference: {fileID: 0}
    - target: {fileID: 2863789673410093758, guid: befd8bf4528ed634bb4882f56c96086e,
        type: 3}
      propertyPath: m_IsActive
      value: 0
      objectReference: {fileID: 0}
    - target: {fileID: 3289076190058208941, guid: befd8bf4528ed634bb4882f56c96086e,
        type: 3}
      propertyPath: m_Layer
      value: 10
      objectReference: {fileID: 0}
    - target: {fileID: 3289076190058208941, guid: befd8bf4528ed634bb4882f56c96086e,
        type: 3}
      propertyPath: m_IsActive
      value: 0
      objectReference: {fileID: 0}
    - target: {fileID: 3340557011080557402, guid: befd8bf4528ed634bb4882f56c96086e,
        type: 3}
      propertyPath: m_Enabled
      value: 1
      objectReference: {fileID: 0}
    - target: {fileID: 3340557011080557402, guid: befd8bf4528ed634bb4882f56c96086e,
        type: 3}
      propertyPath: m_LightProbeUsage
      value: 1
      objectReference: {fileID: 0}
    - target: {fileID: 3340557011080557402, guid: befd8bf4528ed634bb4882f56c96086e,
        type: 3}
      propertyPath: m_ReflectionProbeUsage
      value: 1
      objectReference: {fileID: 0}
    - target: {fileID: 3561497615792311277, guid: befd8bf4528ed634bb4882f56c96086e,
        type: 3}
      propertyPath: m_Enabled
      value: 0
      objectReference: {fileID: 0}
    - target: {fileID: 4195965396016493780, guid: befd8bf4528ed634bb4882f56c96086e,
        type: 3}
      propertyPath: m_Enabled
      value: 1
      objectReference: {fileID: 0}
    - target: {fileID: 4195965396016493780, guid: befd8bf4528ed634bb4882f56c96086e,
        type: 3}
      propertyPath: m_InitialEventNameOverriden
      value: 1
      objectReference: {fileID: 0}
    - target: {fileID: 4195965396016493780, guid: befd8bf4528ed634bb4882f56c96086e,
        type: 3}
      propertyPath: m_PropertySheet.m_Vector4f.m_Array.Array.size
      value: 1
      objectReference: {fileID: 0}
    - target: {fileID: 4195965396016493780, guid: befd8bf4528ed634bb4882f56c96086e,
        type: 3}
      propertyPath: m_PropertySheet.m_Vector4f.m_Array.Array.data[0].m_Name
      value: Color
      objectReference: {fileID: 0}
    - target: {fileID: 4195965396016493780, guid: befd8bf4528ed634bb4882f56c96086e,
        type: 3}
      propertyPath: m_PropertySheet.m_Vector4f.m_Array.Array.data[0].m_Value.x
      value: 1
      objectReference: {fileID: 0}
    - target: {fileID: 4195965396016493780, guid: befd8bf4528ed634bb4882f56c96086e,
        type: 3}
      propertyPath: m_PropertySheet.m_Vector4f.m_Array.Array.data[0].m_Value.y
      value: 1
      objectReference: {fileID: 0}
    - target: {fileID: 4195965396016493780, guid: befd8bf4528ed634bb4882f56c96086e,
        type: 3}
      propertyPath: m_PropertySheet.m_Vector4f.m_Array.Array.data[0].m_Value.z
      value: 1
      objectReference: {fileID: 0}
    - target: {fileID: 4195965396016493780, guid: befd8bf4528ed634bb4882f56c96086e,
        type: 3}
      propertyPath: m_PropertySheet.m_Vector4f.m_Array.Array.data[0].m_Overridden
      value: 1
      objectReference: {fileID: 0}
    - target: {fileID: 4320894592785288924, guid: befd8bf4528ed634bb4882f56c96086e,
        type: 3}
      propertyPath: m_Layer
      value: 10
      objectReference: {fileID: 0}
    - target: {fileID: 4981354956341715519, guid: befd8bf4528ed634bb4882f56c96086e,
        type: 3}
      propertyPath: 'm_Materials.Array.data[0]'
      value: 
      objectReference: {fileID: 2100000, guid: 850cc206e43245a46b8ae1c5322e48c2, type: 2}
    - target: {fileID: 5019166191630661929, guid: befd8bf4528ed634bb4882f56c96086e,
        type: 3}
      propertyPath: m_Layer
      value: 10
      objectReference: {fileID: 0}
    - target: {fileID: 5240487853030775880, guid: befd8bf4528ed634bb4882f56c96086e,
        type: 3}
      propertyPath: m_Layer
      value: 10
      objectReference: {fileID: 0}
    - target: {fileID: 6193115782088319291, guid: befd8bf4528ed634bb4882f56c96086e,
        type: 3}
      propertyPath: m_Layer
      value: 10
      objectReference: {fileID: 0}
    - target: {fileID: 6374342066777983699, guid: befd8bf4528ed634bb4882f56c96086e,
        type: 3}
      propertyPath: m_Layer
      value: 10
      objectReference: {fileID: 0}
    - target: {fileID: 6964441003521934439, guid: befd8bf4528ed634bb4882f56c96086e,
        type: 3}
      propertyPath: m_Layer
      value: 10
      objectReference: {fileID: 0}
    - target: {fileID: 8156150910494221913, guid: befd8bf4528ed634bb4882f56c96086e,
        type: 3}
      propertyPath: m_Layer
      value: 10
      objectReference: {fileID: 0}
    - target: {fileID: 8156150910494221913, guid: befd8bf4528ed634bb4882f56c96086e,
        type: 3}
      propertyPath: m_IsActive
      value: 0
      objectReference: {fileID: 0}
    - target: {fileID: 8285496813721030772, guid: befd8bf4528ed634bb4882f56c96086e,
        type: 3}
      propertyPath: m_Layer
      value: 10
      objectReference: {fileID: 0}
    - target: {fileID: 8448509330450410745, guid: befd8bf4528ed634bb4882f56c96086e,
        type: 3}
      propertyPath: m_Layer
      value: 10
      objectReference: {fileID: 0}
    - target: {fileID: 8842592257311173966, guid: befd8bf4528ed634bb4882f56c96086e,
        type: 3}
      propertyPath: m_Layer
      value: 10
      objectReference: {fileID: 0}
    - target: {fileID: 8842592257311173966, guid: befd8bf4528ed634bb4882f56c96086e,
        type: 3}
      propertyPath: m_IsActive
      value: 0
      objectReference: {fileID: 0}
    m_RemovedComponents:
    - {fileID: 1104364334398039398, guid: befd8bf4528ed634bb4882f56c96086e, type: 3}
    - {fileID: 1766540077446799049, guid: befd8bf4528ed634bb4882f56c96086e, type: 3}
    - {fileID: 6388134630151659622, guid: befd8bf4528ed634bb4882f56c96086e, type: 3}
    - {fileID: 6143621321761026507, guid: befd8bf4528ed634bb4882f56c96086e, type: 3}
    m_RemovedGameObjects: []
    m_AddedGameObjects: []
    m_AddedComponents: []
  m_SourcePrefab: {fileID: 100100000, guid: befd8bf4528ed634bb4882f56c96086e, type: 3}
--- !u!4 &1475775998 stripped
Transform:
  m_CorrespondingSourceObject: {fileID: 1880892173441497094, guid: befd8bf4528ed634bb4882f56c96086e,
    type: 3}
  m_PrefabInstance: {fileID: 1475775997}
  m_PrefabAsset: {fileID: 0}
--- !u!4 &1598016905 stripped
Transform:
  m_CorrespondingSourceObject: {fileID: 3682086877190927766, guid: a32e1b0268d4abd4c94c7b845533bb7b,
    type: 3}
  m_PrefabInstance: {fileID: 2068720217}
  m_PrefabAsset: {fileID: 0}
--- !u!4 &1753879550 stripped
Transform:
  m_CorrespondingSourceObject: {fileID: -8679921383154817045, guid: 17066102ec866c44e878496583ef042f,
    type: 3}
  m_PrefabInstance: {fileID: 1784962919}
  m_PrefabAsset: {fileID: 0}
--- !u!1001 &1784962919
PrefabInstance:
  m_ObjectHideFlags: 0
  serializedVersion: 2
  m_Modification:
    serializedVersion: 3
    m_TransformParent: {fileID: 1941924647}
    m_Modifications:
    - target: {fileID: -9169180657839452572, guid: 17066102ec866c44e878496583ef042f,
        type: 3}
      propertyPath: m_Layer
      value: 10
      objectReference: {fileID: 0}
    - target: {fileID: -8792105107661539631, guid: 17066102ec866c44e878496583ef042f,
        type: 3}
      propertyPath: m_Layer
      value: 10
      objectReference: {fileID: 0}
    - target: {fileID: -8679921383154817045, guid: 17066102ec866c44e878496583ef042f,
        type: 3}
      propertyPath: m_RootOrder
      value: -1
      objectReference: {fileID: 0}
    - target: {fileID: -8679921383154817045, guid: 17066102ec866c44e878496583ef042f,
        type: 3}
      propertyPath: m_LocalPosition.x
      value: 0.038
      objectReference: {fileID: 0}
    - target: {fileID: -8679921383154817045, guid: 17066102ec866c44e878496583ef042f,
        type: 3}
      propertyPath: m_LocalPosition.y
      value: 0.024
      objectReference: {fileID: 0}
    - target: {fileID: -8679921383154817045, guid: 17066102ec866c44e878496583ef042f,
        type: 3}
      propertyPath: m_LocalPosition.z
      value: -0.015
      objectReference: {fileID: 0}
    - target: {fileID: -8679921383154817045, guid: 17066102ec866c44e878496583ef042f,
        type: 3}
      propertyPath: m_LocalRotation.w
      value: 0.7207253
      objectReference: {fileID: 0}
    - target: {fileID: -8679921383154817045, guid: 17066102ec866c44e878496583ef042f,
        type: 3}
      propertyPath: m_LocalRotation.x
      value: -0.49116307
      objectReference: {fileID: 0}
    - target: {fileID: -8679921383154817045, guid: 17066102ec866c44e878496583ef042f,
        type: 3}
      propertyPath: m_LocalRotation.y
      value: -0.12516238
      objectReference: {fileID: 0}
    - target: {fileID: -8679921383154817045, guid: 17066102ec866c44e878496583ef042f,
        type: 3}
      propertyPath: m_LocalRotation.z
      value: 0.47291473
      objectReference: {fileID: 0}
    - target: {fileID: -8679921383154817045, guid: 17066102ec866c44e878496583ef042f,
        type: 3}
      propertyPath: m_LocalEulerAnglesHint.x
      value: -143.58301
      objectReference: {fileID: 0}
    - target: {fileID: -8679921383154817045, guid: 17066102ec866c44e878496583ef042f,
        type: 3}
      propertyPath: m_LocalEulerAnglesHint.y
      value: 128.192
      objectReference: {fileID: 0}
    - target: {fileID: -8679921383154817045, guid: 17066102ec866c44e878496583ef042f,
        type: 3}
      propertyPath: m_LocalEulerAnglesHint.z
      value: -95.58499
      objectReference: {fileID: 0}
    - target: {fileID: -8153894763482032660, guid: 17066102ec866c44e878496583ef042f,
        type: 3}
      propertyPath: m_Layer
      value: 10
      objectReference: {fileID: 0}
    - target: {fileID: -6271513044624775844, guid: 17066102ec866c44e878496583ef042f,
        type: 3}
      propertyPath: m_Layer
      value: 10
      objectReference: {fileID: 0}
    - target: {fileID: -4779631544853692597, guid: 17066102ec866c44e878496583ef042f,
        type: 3}
      propertyPath: 'm_Materials.Array.data[0]'
      value: 
      objectReference: {fileID: 2100000, guid: 7efa599ed000b9a40bbf31b9af0f974d, type: 2}
    - target: {fileID: -4675606430983284508, guid: 17066102ec866c44e878496583ef042f,
        type: 3}
      propertyPath: m_Layer
      value: 10
      objectReference: {fileID: 0}
    - target: {fileID: -1713790131752335123, guid: 17066102ec866c44e878496583ef042f,
        type: 3}
      propertyPath: m_Layer
      value: 10
      objectReference: {fileID: 0}
    - target: {fileID: -715602403577745498, guid: 17066102ec866c44e878496583ef042f,
        type: 3}
      propertyPath: m_Layer
      value: 10
      objectReference: {fileID: 0}
    - target: {fileID: 919132149155446097, guid: 17066102ec866c44e878496583ef042f,
        type: 3}
      propertyPath: m_Name
      value: Book
      objectReference: {fileID: 0}
    - target: {fileID: 919132149155446097, guid: 17066102ec866c44e878496583ef042f,
        type: 3}
      propertyPath: m_Layer
      value: 10
      objectReference: {fileID: 0}
    - target: {fileID: 1668161471392095601, guid: 17066102ec866c44e878496583ef042f,
        type: 3}
      propertyPath: 'm_Materials.Array.data[0]'
      value: 
      objectReference: {fileID: 2100000, guid: 3bdc3372d09bf954c92f9e775a736844, type: 2}
    - target: {fileID: 3947738661189224894, guid: 17066102ec866c44e878496583ef042f,
        type: 3}
      propertyPath: 'm_Materials.Array.data[0]'
      value: 
      objectReference: {fileID: 2100000, guid: 5ce5d4af85e745d40b3dc80db903cfce, type: 2}
    - target: {fileID: 4036299253644651173, guid: 17066102ec866c44e878496583ef042f,
        type: 3}
      propertyPath: 'm_Materials.Array.data[0]'
      value: 
      objectReference: {fileID: 2100000, guid: 3bdc3372d09bf954c92f9e775a736844, type: 2}
    - target: {fileID: 5392848146072351560, guid: 17066102ec866c44e878496583ef042f,
        type: 3}
      propertyPath: 'm_Materials.Array.data[0]'
      value: 
      objectReference: {fileID: 2100000, guid: 3bdc3372d09bf954c92f9e775a736844, type: 2}
    - target: {fileID: 6241874608673766562, guid: 17066102ec866c44e878496583ef042f,
        type: 3}
      propertyPath: 'm_Materials.Array.data[0]'
      value: 
      objectReference: {fileID: 2100000, guid: 5ce5d4af85e745d40b3dc80db903cfce, type: 2}
    - target: {fileID: 9121928910981300418, guid: 17066102ec866c44e878496583ef042f,
        type: 3}
      propertyPath: 'm_Materials.Array.data[0]'
      value: 
      objectReference: {fileID: 2100000, guid: 3bdc3372d09bf954c92f9e775a736844, type: 2}
    m_RemovedComponents: []
    m_RemovedGameObjects: []
    m_AddedGameObjects: []
    m_AddedComponents: []
  m_SourcePrefab: {fileID: 100100000, guid: 17066102ec866c44e878496583ef042f, type: 3}
--- !u!4 &1941924647 stripped
Transform:
  m_CorrespondingSourceObject: {fileID: 3591115956691739741, guid: fd90370cfee32cd4f965784ff963b51b,
    type: 3}
  m_PrefabInstance: {fileID: 704581367}
  m_PrefabAsset: {fileID: 0}
--- !u!1001 &2068720217
PrefabInstance:
  m_ObjectHideFlags: 0
  serializedVersion: 2
  m_Modification:
    serializedVersion: 3
    m_TransformParent: {fileID: 1002814404}
    m_Modifications:
    - target: {fileID: 2545178503633456889, guid: a32e1b0268d4abd4c94c7b845533bb7b,
        type: 3}
      propertyPath: 'm_Materials.Array.data[0]'
      value: 
      objectReference: {fileID: 2100000, guid: e6a8af8f8ab1f1c4fafe178356a5ffde, type: 2}
    - target: {fileID: 3682086877190927766, guid: a32e1b0268d4abd4c94c7b845533bb7b,
        type: 3}
      propertyPath: m_RootOrder
      value: 0
      objectReference: {fileID: 0}
    - target: {fileID: 3682086877190927766, guid: a32e1b0268d4abd4c94c7b845533bb7b,
        type: 3}
      propertyPath: m_LocalPosition.x
      value: 0
      objectReference: {fileID: 0}
    - target: {fileID: 3682086877190927766, guid: a32e1b0268d4abd4c94c7b845533bb7b,
        type: 3}
      propertyPath: m_LocalPosition.y
      value: 0
      objectReference: {fileID: 0}
    - target: {fileID: 3682086877190927766, guid: a32e1b0268d4abd4c94c7b845533bb7b,
        type: 3}
      propertyPath: m_LocalPosition.z
      value: 0
      objectReference: {fileID: 0}
    - target: {fileID: 3682086877190927766, guid: a32e1b0268d4abd4c94c7b845533bb7b,
        type: 3}
      propertyPath: m_LocalRotation.w
      value: 1
      objectReference: {fileID: 0}
    - target: {fileID: 3682086877190927766, guid: a32e1b0268d4abd4c94c7b845533bb7b,
        type: 3}
      propertyPath: m_LocalRotation.x
      value: 0
      objectReference: {fileID: 0}
    - target: {fileID: 3682086877190927766, guid: a32e1b0268d4abd4c94c7b845533bb7b,
        type: 3}
      propertyPath: m_LocalRotation.y
      value: 0
      objectReference: {fileID: 0}
    - target: {fileID: 3682086877190927766, guid: a32e1b0268d4abd4c94c7b845533bb7b,
        type: 3}
      propertyPath: m_LocalRotation.z
      value: 0
      objectReference: {fileID: 0}
    - target: {fileID: 3682086877190927766, guid: a32e1b0268d4abd4c94c7b845533bb7b,
        type: 3}
      propertyPath: m_LocalEulerAnglesHint.x
      value: 0
      objectReference: {fileID: 0}
    - target: {fileID: 3682086877190927766, guid: a32e1b0268d4abd4c94c7b845533bb7b,
        type: 3}
      propertyPath: m_LocalEulerAnglesHint.y
      value: 0
      objectReference: {fileID: 0}
    - target: {fileID: 3682086877190927766, guid: a32e1b0268d4abd4c94c7b845533bb7b,
        type: 3}
      propertyPath: m_LocalEulerAnglesHint.z
      value: 0
      objectReference: {fileID: 0}
    - target: {fileID: 4058506518631804716, guid: a32e1b0268d4abd4c94c7b845533bb7b,
        type: 3}
      propertyPath: m_Name
      value: Hair_Cap Variant
      objectReference: {fileID: 0}
    m_RemovedComponents: []
    m_RemovedGameObjects: []
    m_AddedGameObjects: []
    m_AddedComponents: []
  m_SourcePrefab: {fileID: 100100000, guid: a32e1b0268d4abd4c94c7b845533bb7b, type: 3}
--- !u!95 &2117086287 stripped
Animator:
  m_CorrespondingSourceObject: {fileID: 1000128533286672177, guid: fd90370cfee32cd4f965784ff963b51b,
    type: 3}
  m_PrefabInstance: {fileID: 704581367}
  m_PrefabAsset: {fileID: 0}
