%YAML 1.1
%TAG !u! tag:unity3d.com,2011:
--- !u!1 &335907471634077179
GameObject:
  m_ObjectHideFlags: 0
  m_CorrespondingSourceObject: {fileID: 0}
  m_PrefabInstance: {fileID: 0}
  m_PrefabAsset: {fileID: 0}
  serializedVersion: 6
  m_Component:
  - component: {fileID: 1085256421923206330}
  - component: {fileID: 8144734184572363392}
  - component: {fileID: 7404281692814731006}
  m_Layer: 5
  m_Name: iconText
  m_TagString: Untagged
  m_Icon: {fileID: 0}
  m_NavMeshLayer: 0
  m_StaticEditorFlags: 0
  m_IsActive: 1
--- !u!224 &1085256421923206330
RectTransform:
  m_ObjectHideFlags: 0
  m_CorrespondingSourceObject: {fileID: 0}
  m_PrefabInstance: {fileID: 0}
  m_PrefabAsset: {fileID: 0}
  m_GameObject: {fileID: 335907471634077179}
  m_LocalRotation: {x: 0, y: 0, z: 0, w: 1}
  m_LocalPosition: {x: 0, y: 0, z: -0}
  m_LocalScale: {x: 1, y: 1, z: 1}
  m_ConstrainProportionsScale: 0
  m_Children: []
  m_Father: {fileID: 7088515722339320820}
  m_RootOrder: -1
  m_LocalEulerAnglesHint: {x: 0, y: 0, z: 0}
  m_AnchorMin: {x: 0.5, y: 0.5}
  m_AnchorMax: {x: 0.5, y: 0.5}
  m_AnchoredPosition: {x: -0.000030517, y: -0.3617}
  m_SizeDelta: {x: 10.4661, y: 11.6361}
  m_Pivot: {x: 0.5, y: 0.5}
--- !u!222 &8144734184572363392
CanvasRenderer:
  m_ObjectHideFlags: 0
  m_CorrespondingSourceObject: {fileID: 0}
  m_PrefabInstance: {fileID: 0}
  m_PrefabAsset: {fileID: 0}
  m_GameObject: {fileID: 335907471634077179}
  m_CullTransparentMesh: 1
--- !u!114 &7404281692814731006
MonoBehaviour:
  m_ObjectHideFlags: 0
  m_CorrespondingSourceObject: {fileID: 0}
  m_PrefabInstance: {fileID: 0}
  m_PrefabAsset: {fileID: 0}
  m_GameObject: {fileID: 335907471634077179}
  m_Enabled: 1
  m_EditorHideFlags: 0
  m_Script: {fileID: 11500000, guid: f4688fdb7df04437aeb418b961361dc5, type: 3}
  m_Name: 
  m_EditorClassIdentifier: 
  m_Material: {fileID: 0}
  m_Color: {r: 1, g: 1, b: 1, a: 1}
  m_RaycastTarget: 1
  m_RaycastPadding: {x: 0, y: 0, z: 0, w: 0}
  m_Maskable: 1
  m_OnCullStateChanged:
    m_PersistentCalls:
      m_Calls: []
  m_text: '-'
  m_isRightToLeft: 0
  m_fontAsset: {fileID: 11400000, guid: de305e7445f7b7c44b61d52c13efc5e4, type: 2}
  m_sharedMaterial: {fileID: 7634274932661786693, guid: de305e7445f7b7c44b61d52c13efc5e4,
    type: 2}
  m_fontSharedMaterials: []
  m_fontMaterial: {fileID: 0}
  m_fontMaterials: []
  m_fontColor32:
    serializedVersion: 2
    rgba: 4294967295
  m_fontColor: {r: 1, g: 1, b: 1, a: 1}
  m_enableVertexGradient: 0
  m_colorMode: 3
  m_fontColorGradient:
    topLeft: {r: 1, g: 1, b: 1, a: 1}
    topRight: {r: 1, g: 1, b: 1, a: 1}
    bottomLeft: {r: 1, g: 1, b: 1, a: 1}
    bottomRight: {r: 1, g: 1, b: 1, a: 1}
  m_fontColorGradientPreset: {fileID: 0}
  m_spriteAsset: {fileID: 0}
  m_tintAllSprites: 0
  m_StyleSheet: {fileID: 0}
  m_TextStyleHashCode: -1183493901
  m_overrideHtmlColors: 0
  m_faceColor:
    serializedVersion: 2
    rgba: 4294967295
  m_fontSize: 13
  m_fontSizeBase: 13
  m_fontWeight: 400
  m_enableAutoSizing: 0
  m_fontSizeMin: 1
  m_fontSizeMax: 72
  m_fontStyle: 0
  m_HorizontalAlignment: 2
  m_VerticalAlignment: 512
  m_textAlignment: 65535
  m_characterSpacing: 0
  m_wordSpacing: 0
  m_lineSpacing: 0
  m_lineSpacingMax: 0
  m_paragraphSpacing: 0
  m_charWidthMaxAdj: 0
  m_enableWordWrapping: 0
  m_wordWrappingRatios: 0.4
  m_overflowMode: 0
  m_linkedTextComponent: {fileID: 0}
  parentLinkedComponent: {fileID: 0}
  m_enableKerning: 1
  m_enableExtraPadding: 0
  checkPaddingRequired: 0
  m_isRichText: 1
  m_parseCtrlCharacters: 1
  m_isOrthographic: 1
  m_isCullingEnabled: 0
  m_horizontalMapping: 0
  m_verticalMapping: 0
  m_uvLineOffset: 0
  m_geometrySortingOrder: 0
  m_IsTextObjectScaleStatic: 0
  m_VertexBufferAutoSizeReduction: 0
  m_useMaxVisibleDescender: 1
  m_pageToDisplay: 1
  m_margin: {x: 0, y: 0, z: 0, w: 0}
  m_isUsingLegacyAnimationComponent: 0
  m_isVolumetricText: 0
  m_hasFontAssetChanged: 0
  m_baseMaterial: {fileID: 0}
  m_maskOffset: {x: 0, y: 0, z: 0, w: 0}
--- !u!1 &1957789944245496019
GameObject:
  m_ObjectHideFlags: 0
  m_CorrespondingSourceObject: {fileID: 0}
  m_PrefabInstance: {fileID: 0}
  m_PrefabAsset: {fileID: 0}
  serializedVersion: 6
  m_Component:
  - component: {fileID: 4030633513661771334}
  - component: {fileID: 1247325806639351292}
  - component: {fileID: 3256436669335461403}
  m_Layer: 5
  m_Name: StateText
  m_TagString: Untagged
  m_Icon: {fileID: 0}
  m_NavMeshLayer: 0
  m_StaticEditorFlags: 0
  m_IsActive: 1
--- !u!224 &4030633513661771334
RectTransform:
  m_ObjectHideFlags: 0
  m_CorrespondingSourceObject: {fileID: 0}
  m_PrefabInstance: {fileID: 0}
  m_PrefabAsset: {fileID: 0}
  m_GameObject: {fileID: 1957789944245496019}
  m_LocalRotation: {x: 0, y: 0, z: 0, w: 1}
  m_LocalPosition: {x: 0, y: 0, z: -0}
  m_LocalScale: {x: 1, y: 1, z: 1}
  m_ConstrainProportionsScale: 0
  m_Children: []
  m_Father: {fileID: 4659254326277502244}
  m_RootOrder: -1
  m_LocalEulerAnglesHint: {x: 0, y: 0, z: 0}
  m_AnchorMin: {x: 0.5, y: 0.5}
  m_AnchorMax: {x: 0.5, y: 0.5}
  m_AnchoredPosition: {x: 20.6, y: 6.5}
  m_SizeDelta: {x: 76.2987, y: 13.0647}
  m_Pivot: {x: 0.5, y: 0.5}
--- !u!222 &1247325806639351292
CanvasRenderer:
  m_ObjectHideFlags: 0
  m_CorrespondingSourceObject: {fileID: 0}
  m_PrefabInstance: {fileID: 0}
  m_PrefabAsset: {fileID: 0}
  m_GameObject: {fileID: 1957789944245496019}
  m_CullTransparentMesh: 1
--- !u!114 &3256436669335461403
MonoBehaviour:
  m_ObjectHideFlags: 0
  m_CorrespondingSourceObject: {fileID: 0}
  m_PrefabInstance: {fileID: 0}
  m_PrefabAsset: {fileID: 0}
  m_GameObject: {fileID: 1957789944245496019}
  m_Enabled: 1
  m_EditorHideFlags: 0
  m_Script: {fileID: 11500000, guid: f4688fdb7df04437aeb418b961361dc5, type: 3}
  m_Name: 
  m_EditorClassIdentifier: 
  m_Material: {fileID: 0}
  m_Color: {r: 1, g: 1, b: 1, a: 1}
  m_RaycastTarget: 1
  m_RaycastPadding: {x: 0, y: 0, z: 0, w: 0}
  m_Maskable: 1
  m_OnCullStateChanged:
    m_PersistentCalls:
      m_Calls: []
  m_text: Over-extracted
  m_isRightToLeft: 0
  m_fontAsset: {fileID: 11400000, guid: 880a63ca04458a040a4af512d00e4070, type: 2}
  m_sharedMaterial: {fileID: -1398819898740260733, guid: 880a63ca04458a040a4af512d00e4070,
    type: 2}
  m_fontSharedMaterials: []
  m_fontMaterial: {fileID: 0}
  m_fontMaterials: []
  m_fontColor32:
    serializedVersion: 2
    rgba: 4278190080
  m_fontColor: {r: 0, g: 0, b: 0, a: 1}
  m_enableVertexGradient: 0
  m_colorMode: 3
  m_fontColorGradient:
    topLeft: {r: 1, g: 1, b: 1, a: 1}
    topRight: {r: 1, g: 1, b: 1, a: 1}
    bottomLeft: {r: 1, g: 1, b: 1, a: 1}
    bottomRight: {r: 1, g: 1, b: 1, a: 1}
  m_fontColorGradientPreset: {fileID: 0}
  m_spriteAsset: {fileID: 0}
  m_tintAllSprites: 0
  m_StyleSheet: {fileID: 0}
  m_TextStyleHashCode: -1183493901
  m_overrideHtmlColors: 0
  m_faceColor:
    serializedVersion: 2
    rgba: 4294967295
  m_fontSize: 9
  m_fontSizeBase: 9
  m_fontWeight: 400
  m_enableAutoSizing: 0
  m_fontSizeMin: 10
  m_fontSizeMax: 72
  m_fontStyle: 0
  m_HorizontalAlignment: 1
  m_VerticalAlignment: 1024
  m_textAlignment: 65535
  m_characterSpacing: 0
  m_wordSpacing: 0
  m_lineSpacing: 0
  m_lineSpacingMax: 0
  m_paragraphSpacing: 0
  m_charWidthMaxAdj: 0
  m_enableWordWrapping: 1
  m_wordWrappingRatios: 0.4
  m_overflowMode: 0
  m_linkedTextComponent: {fileID: 0}
  parentLinkedComponent: {fileID: 0}
  m_enableKerning: 1
  m_enableExtraPadding: 0
  checkPaddingRequired: 0
  m_isRichText: 1
  m_parseCtrlCharacters: 1
  m_isOrthographic: 1
  m_isCullingEnabled: 0
  m_horizontalMapping: 0
  m_verticalMapping: 0
  m_uvLineOffset: 0
  m_geometrySortingOrder: 0
  m_IsTextObjectScaleStatic: 0
  m_VertexBufferAutoSizeReduction: 0
  m_useMaxVisibleDescender: 1
  m_pageToDisplay: 1
  m_margin: {x: 0, y: 0, z: 0, w: 0}
  m_isUsingLegacyAnimationComponent: 0
  m_isVolumetricText: 0
  m_hasFontAssetChanged: 0
  m_baseMaterial: {fileID: 0}
  m_maskOffset: {x: 0, y: 0, z: 0, w: 0}
--- !u!1 &2457278892257502156
GameObject:
  m_ObjectHideFlags: 0
  m_CorrespondingSourceObject: {fileID: 0}
  m_PrefabInstance: {fileID: 0}
  m_PrefabAsset: {fileID: 0}
  serializedVersion: 6
  m_Component:
  - component: {fileID: 7373490736389063843}
  - component: {fileID: 6044844107588111491}
  - component: {fileID: 2484743291362423723}
  m_Layer: 5
  m_Name: Background
  m_TagString: Untagged
  m_Icon: {fileID: 0}
  m_NavMeshLayer: 0
  m_StaticEditorFlags: 0
  m_IsActive: 1
--- !u!224 &7373490736389063843
RectTransform:
  m_ObjectHideFlags: 0
  m_CorrespondingSourceObject: {fileID: 0}
  m_PrefabInstance: {fileID: 0}
  m_PrefabAsset: {fileID: 0}
  m_GameObject: {fileID: 2457278892257502156}
  m_LocalRotation: {x: -0, y: -0, z: -0, w: 1}
  m_LocalPosition: {x: 0, y: 0, z: 0}
  m_LocalScale: {x: 1, y: 1, z: 1}
  m_ConstrainProportionsScale: 0
  m_Children: []
  m_Father: {fileID: 4659254326277502244}
  m_RootOrder: -1
  m_LocalEulerAnglesHint: {x: 0, y: 0, z: 0}
  m_AnchorMin: {x: 0, y: 0.5}
  m_AnchorMax: {x: 0, y: 0.5}
  m_AnchoredPosition: {x: 23.706, y: 0}
  m_SizeDelta: {x: 44.4682, y: 41.1445}
  m_Pivot: {x: 0.5, y: 0.5}
--- !u!222 &6044844107588111491
CanvasRenderer:
  m_ObjectHideFlags: 0
  m_CorrespondingSourceObject: {fileID: 0}
  m_PrefabInstance: {fileID: 0}
  m_PrefabAsset: {fileID: 0}
  m_GameObject: {fileID: 2457278892257502156}
  m_CullTransparentMesh: 1
--- !u!114 &2484743291362423723
MonoBehaviour:
  m_ObjectHideFlags: 0
  m_CorrespondingSourceObject: {fileID: 0}
  m_PrefabInstance: {fileID: 0}
  m_PrefabAsset: {fileID: 0}
  m_GameObject: {fileID: 2457278892257502156}
  m_Enabled: 1
  m_EditorHideFlags: 0
  m_Script: {fileID: 11500000, guid: fe87c0e1cc204ed48ad3b37840f39efc, type: 3}
  m_Name: 
  m_EditorClassIdentifier: 
  m_Material: {fileID: 0}
  m_Color: {r: 1, g: 1, b: 1, a: 1}
  m_RaycastTarget: 1
  m_RaycastPadding: {x: 0, y: 0, z: 0, w: 0}
  m_Maskable: 1
  m_OnCullStateChanged:
    m_PersistentCalls:
      m_Calls: []
  m_Sprite: {fileID: 3620328555671545625, guid: 4427efaed5ef40b4080b8f8fa225baf9,
    type: 3}
  m_Type: 0
  m_PreserveAspect: 1
  m_FillCenter: 1
  m_FillMethod: 4
  m_FillAmount: 1
  m_FillClockwise: 1
  m_FillOrigin: 0
  m_UseSpriteMesh: 0
  m_PixelsPerUnitMultiplier: 1
--- !u!1 &6291373995731831072
GameObject:
  m_ObjectHideFlags: 0
  m_CorrespondingSourceObject: {fileID: 0}
  m_PrefabInstance: {fileID: 0}
  m_PrefabAsset: {fileID: 0}
  serializedVersion: 6
  m_Component:
  - component: {fileID: 4635220333115943234}
  - component: {fileID: 1112982295115473799}
  - component: {fileID: 8774597926425904400}
  m_Layer: 5
  m_Name: HelperText
  m_TagString: Untagged
  m_Icon: {fileID: 0}
  m_NavMeshLayer: 0
  m_StaticEditorFlags: 0
  m_IsActive: 1
--- !u!224 &4635220333115943234
RectTransform:
  m_ObjectHideFlags: 0
  m_CorrespondingSourceObject: {fileID: 0}
  m_PrefabInstance: {fileID: 0}
  m_PrefabAsset: {fileID: 0}
  m_GameObject: {fileID: 6291373995731831072}
  m_LocalRotation: {x: 0, y: 0, z: 0, w: 1}
  m_LocalPosition: {x: 0, y: 0, z: -0}
  m_LocalScale: {x: 1, y: 1, z: 1}
  m_ConstrainProportionsScale: 0
  m_Children: []
  m_Father: {fileID: 4659254326277502244}
  m_RootOrder: -1
  m_LocalEulerAnglesHint: {x: 0, y: 0, z: 0}
  m_AnchorMin: {x: 0.5, y: 0.5}
  m_AnchorMax: {x: 0.5, y: 0.5}
  m_AnchoredPosition: {x: 20.6, y: -5.2}
  m_SizeDelta: {x: 76.2987, y: 10.2471}
  m_Pivot: {x: 0.5, y: 0.5}
--- !u!222 &1112982295115473799
CanvasRenderer:
  m_ObjectHideFlags: 0
  m_CorrespondingSourceObject: {fileID: 0}
  m_PrefabInstance: {fileID: 0}
  m_PrefabAsset: {fileID: 0}
  m_GameObject: {fileID: 6291373995731831072}
  m_CullTransparentMesh: 1
--- !u!114 &8774597926425904400
MonoBehaviour:
  m_ObjectHideFlags: 0
  m_CorrespondingSourceObject: {fileID: 0}
  m_PrefabInstance: {fileID: 0}
  m_PrefabAsset: {fileID: 0}
  m_GameObject: {fileID: 6291373995731831072}
  m_Enabled: 1
  m_EditorHideFlags: 0
  m_Script: {fileID: 11500000, guid: f4688fdb7df04437aeb418b961361dc5, type: 3}
  m_Name: 
  m_EditorClassIdentifier: 
  m_Material: {fileID: 0}
  m_Color: {r: 1, g: 1, b: 1, a: 1}
  m_RaycastTarget: 1
  m_RaycastPadding: {x: 0, y: 0, z: 0, w: 0}
  m_Maskable: 1
  m_OnCullStateChanged:
    m_PersistentCalls:
      m_Calls: []
  m_text: Try grinding coarser
  m_isRightToLeft: 0
  m_fontAsset: {fileID: 11400000, guid: 880a63ca04458a040a4af512d00e4070, type: 2}
  m_sharedMaterial: {fileID: -1398819898740260733, guid: 880a63ca04458a040a4af512d00e4070,
    type: 2}
  m_fontSharedMaterials: []
  m_fontMaterial: {fileID: 0}
  m_fontMaterials: []
  m_fontColor32:
    serializedVersion: 2
    rgba: 4283914071
  m_fontColor: {r: 0.33962262, g: 0.33962262, b: 0.33962262, a: 1}
  m_enableVertexGradient: 0
  m_colorMode: 3
  m_fontColorGradient:
    topLeft: {r: 1, g: 1, b: 1, a: 1}
    topRight: {r: 1, g: 1, b: 1, a: 1}
    bottomLeft: {r: 1, g: 1, b: 1, a: 1}
    bottomRight: {r: 1, g: 1, b: 1, a: 1}
  m_fontColorGradientPreset: {fileID: 0}
  m_spriteAsset: {fileID: 0}
  m_tintAllSprites: 0
  m_StyleSheet: {fileID: 0}
  m_TextStyleHashCode: -1183493901
  m_overrideHtmlColors: 0
  m_faceColor:
    serializedVersion: 2
    rgba: 4294967295
  m_fontSize: 6
  m_fontSizeBase: 6
  m_fontWeight: 400
  m_enableAutoSizing: 0
  m_fontSizeMin: 10
  m_fontSizeMax: 72
  m_fontStyle: 0
  m_HorizontalAlignment: 1
  m_VerticalAlignment: 256
  m_textAlignment: 65535
  m_characterSpacing: 0
  m_wordSpacing: 0
  m_lineSpacing: 0
  m_lineSpacingMax: 0
  m_paragraphSpacing: 0
  m_charWidthMaxAdj: 0
  m_enableWordWrapping: 1
  m_wordWrappingRatios: 0.4
  m_overflowMode: 0
  m_linkedTextComponent: {fileID: 0}
  parentLinkedComponent: {fileID: 0}
  m_enableKerning: 1
  m_enableExtraPadding: 0
  checkPaddingRequired: 0
  m_isRichText: 1
  m_parseCtrlCharacters: 1
  m_isOrthographic: 1
  m_isCullingEnabled: 0
  m_horizontalMapping: 0
  m_verticalMapping: 0
  m_uvLineOffset: 0
  m_geometrySortingOrder: 0
  m_IsTextObjectScaleStatic: 0
  m_VertexBufferAutoSizeReduction: 0
  m_useMaxVisibleDescender: 1
  m_pageToDisplay: 1
  m_margin: {x: 0, y: 0, z: 0, w: 0}
  m_isUsingLegacyAnimationComponent: 0
  m_isVolumetricText: 0
  m_hasFontAssetChanged: 0
  m_baseMaterial: {fileID: 0}
  m_maskOffset: {x: 0, y: 0, z: 0, w: 0}
--- !u!1001 &2599333600625151347
PrefabInstance:
  m_ObjectHideFlags: 0
  serializedVersion: 2
  m_Modification:
    serializedVersion: 3
    m_TransformParent: {fileID: 0}
    m_Modifications:
    - target: {fileID: 1416102522315029766, guid: 488e19843eed2214eadfa5da9c52bbb2,
        type: 3}
      propertyPath: m_Type
      value: 1
      objectReference: {fileID: 0}
    - target: {fileID: 1416102522315029766, guid: 488e19843eed2214eadfa5da9c52bbb2,
        type: 3}
      propertyPath: m_Sprite
      value: 
      objectReference: {fileID: 21300000, guid: 89db573a744d0d244b0295fcfeffe015,
        type: 3}
    - target: {fileID: 1416102522315029766, guid: 488e19843eed2214eadfa5da9c52bbb2,
        type: 3}
      propertyPath: m_Enabled
      value: 1
      objectReference: {fileID: 0}
    - target: {fileID: 1416102522315029766, guid: 488e19843eed2214eadfa5da9c52bbb2,
        type: 3}
      propertyPath: m_PixelsPerUnitMultiplier
      value: 2.1
      objectReference: {fileID: 0}
    - target: {fileID: 1438117409049367974, guid: 488e19843eed2214eadfa5da9c52bbb2,
        type: 3}
      propertyPath: m_Name
      value: ObjectState_Base_Variant_DialingIn_Over
      objectReference: {fileID: 0}
    - target: {fileID: 1585064205059308054, guid: 488e19843eed2214eadfa5da9c52bbb2,
        type: 3}
      propertyPath: m_AnchorMax.x
      value: 0
      objectReference: {fileID: 0}
    - target: {fileID: 1585064205059308054, guid: 488e19843eed2214eadfa5da9c52bbb2,
        type: 3}
      propertyPath: m_AnchorMax.y
      value: 0.5
      objectReference: {fileID: 0}
    - target: {fileID: 1585064205059308054, guid: 488e19843eed2214eadfa5da9c52bbb2,
        type: 3}
      propertyPath: m_AnchorMin.x
      value: 0
      objectReference: {fileID: 0}
    - target: {fileID: 1585064205059308054, guid: 488e19843eed2214eadfa5da9c52bbb2,
        type: 3}
      propertyPath: m_AnchorMin.y
      value: 0.5
      objectReference: {fileID: 0}
    - target: {fileID: 1585064205059308054, guid: 488e19843eed2214eadfa5da9c52bbb2,
        type: 3}
      propertyPath: m_SizeDelta.x
      value: 44.4682
      objectReference: {fileID: 0}
    - target: {fileID: 1585064205059308054, guid: 488e19843eed2214eadfa5da9c52bbb2,
        type: 3}
      propertyPath: m_SizeDelta.y
      value: 41.1445
      objectReference: {fileID: 0}
    - target: {fileID: 1585064205059308054, guid: 488e19843eed2214eadfa5da9c52bbb2,
        type: 3}
      propertyPath: m_LocalPosition.z
      value: -0
      objectReference: {fileID: 0}
    - target: {fileID: 1585064205059308054, guid: 488e19843eed2214eadfa5da9c52bbb2,
        type: 3}
      propertyPath: m_AnchoredPosition.x
      value: 23.3
      objectReference: {fileID: 0}
    - target: {fileID: 1585064205059308054, guid: 488e19843eed2214eadfa5da9c52bbb2,
        type: 3}
      propertyPath: m_AnchoredPosition.y
      value: 0
      objectReference: {fileID: 0}
    - target: {fileID: 5065924359771737735, guid: 488e19843eed2214eadfa5da9c52bbb2,
        type: 3}
      propertyPath: m_AnchorMax.x
      value: 0
      objectReference: {fileID: 0}
    - target: {fileID: 5065924359771737735, guid: 488e19843eed2214eadfa5da9c52bbb2,
        type: 3}
      propertyPath: m_AnchorMax.y
      value: 0.5
      objectReference: {fileID: 0}
    - target: {fileID: 5065924359771737735, guid: 488e19843eed2214eadfa5da9c52bbb2,
        type: 3}
      propertyPath: m_AnchorMin.x
      value: 0
      objectReference: {fileID: 0}
    - target: {fileID: 5065924359771737735, guid: 488e19843eed2214eadfa5da9c52bbb2,
        type: 3}
      propertyPath: m_AnchorMin.y
      value: 0.5
      objectReference: {fileID: 0}
    - target: {fileID: 5065924359771737735, guid: 488e19843eed2214eadfa5da9c52bbb2,
        type: 3}
      propertyPath: m_SizeDelta.x
      value: 17.656898
      objectReference: {fileID: 0}
    - target: {fileID: 5065924359771737735, guid: 488e19843eed2214eadfa5da9c52bbb2,
        type: 3}
      propertyPath: m_SizeDelta.y
      value: 13.7142
      objectReference: {fileID: 0}
    - target: {fileID: 5065924359771737735, guid: 488e19843eed2214eadfa5da9c52bbb2,
        type: 3}
      propertyPath: m_LocalPosition.z
      value: -0
      objectReference: {fileID: 0}
    - target: {fileID: 5065924359771737735, guid: 488e19843eed2214eadfa5da9c52bbb2,
        type: 3}
      propertyPath: m_AnchoredPosition.x
      value: 10.3
      objectReference: {fileID: 0}
    - target: {fileID: 5065924359771737735, guid: 488e19843eed2214eadfa5da9c52bbb2,
        type: 3}
      propertyPath: m_AnchoredPosition.y
      value: 11.5
      objectReference: {fileID: 0}
    - target: {fileID: 5853043204515196166, guid: 488e19843eed2214eadfa5da9c52bbb2,
        type: 3}
      propertyPath: m_Sprite
      value: 
      objectReference: {fileID: 21300000, guid: b5e361c6acbaf41dd82a5cfbc33d0807,
        type: 3}
    - target: {fileID: 5853043204515196166, guid: 488e19843eed2214eadfa5da9c52bbb2,
        type: 3}
      propertyPath: m_Color.b
      value: 0.15686275
      objectReference: {fileID: 0}
    - target: {fileID: 5853043204515196166, guid: 488e19843eed2214eadfa5da9c52bbb2,
        type: 3}
      propertyPath: m_Color.g
      value: 0.8156863
      objectReference: {fileID: 0}
    - target: {fileID: 7007855628010786340, guid: 488e19843eed2214eadfa5da9c52bbb2,
        type: 3}
      propertyPath: m_Sprite
      value: 
      objectReference: {fileID: 67171952, guid: 4ebbee79ae3ab3847a692b39d38a2669,
        type: 3}
    - target: {fileID: 7007855628010786340, guid: 488e19843eed2214eadfa5da9c52bbb2,
        type: 3}
      propertyPath: m_Color.b
      value: 1
      objectReference: {fileID: 0}
    - target: {fileID: 7007855628010786340, guid: 488e19843eed2214eadfa5da9c52bbb2,
        type: 3}
      propertyPath: m_Color.g
      value: 1
      objectReference: {fileID: 0}
    - target: {fileID: 7007855628010786340, guid: 488e19843eed2214eadfa5da9c52bbb2,
        type: 3}
      propertyPath: m_Color.r
      value: 1
      objectReference: {fileID: 0}
    - target: {fileID: 7007855628010786340, guid: 488e19843eed2214eadfa5da9c52bbb2,
        type: 3}
      propertyPath: m_PreserveAspect
      value: 1
      objectReference: {fileID: 0}
    - target: {fileID: 7258200872705275991, guid: 488e19843eed2214eadfa5da9c52bbb2,
        type: 3}
      propertyPath: m_Pivot.x
      value: 0.5
      objectReference: {fileID: 0}
    - target: {fileID: 7258200872705275991, guid: 488e19843eed2214eadfa5da9c52bbb2,
        type: 3}
      propertyPath: m_Pivot.y
      value: 0.5
      objectReference: {fileID: 0}
    - target: {fileID: 7258200872705275991, guid: 488e19843eed2214eadfa5da9c52bbb2,
        type: 3}
      propertyPath: m_RootOrder
      value: -1
      objectReference: {fileID: 0}
    - target: {fileID: 7258200872705275991, guid: 488e19843eed2214eadfa5da9c52bbb2,
        type: 3}
      propertyPath: m_AnchorMax.x
      value: 0.5
      objectReference: {fileID: 0}
    - target: {fileID: 7258200872705275991, guid: 488e19843eed2214eadfa5da9c52bbb2,
        type: 3}
      propertyPath: m_AnchorMax.y
      value: 0.5
      objectReference: {fileID: 0}
    - target: {fileID: 7258200872705275991, guid: 488e19843eed2214eadfa5da9c52bbb2,
        type: 3}
      propertyPath: m_AnchorMin.x
      value: 0.5
      objectReference: {fileID: 0}
    - target: {fileID: 7258200872705275991, guid: 488e19843eed2214eadfa5da9c52bbb2,
        type: 3}
      propertyPath: m_AnchorMin.y
      value: 0.5
      objectReference: {fileID: 0}
    - target: {fileID: 7258200872705275991, guid: 488e19843eed2214eadfa5da9c52bbb2,
        type: 3}
      propertyPath: m_SizeDelta.x
      value: 128.9879
      objectReference: {fileID: 0}
    - target: {fileID: 7258200872705275991, guid: 488e19843eed2214eadfa5da9c52bbb2,
        type: 3}
      propertyPath: m_SizeDelta.y
      value: 50
      objectReference: {fileID: 0}
    - target: {fileID: 7258200872705275991, guid: 488e19843eed2214eadfa5da9c52bbb2,
        type: 3}
      propertyPath: m_LocalScale.x
      value: 2
      objectReference: {fileID: 0}
    - target: {fileID: 7258200872705275991, guid: 488e19843eed2214eadfa5da9c52bbb2,
        type: 3}
      propertyPath: m_LocalScale.y
      value: 2
      objectReference: {fileID: 0}
    - target: {fileID: 7258200872705275991, guid: 488e19843eed2214eadfa5da9c52bbb2,
        type: 3}
      propertyPath: m_LocalScale.z
      value: 2
      objectReference: {fileID: 0}
    - target: {fileID: 7258200872705275991, guid: 488e19843eed2214eadfa5da9c52bbb2,
        type: 3}
      propertyPath: m_LocalPosition.x
      value: 0
      objectReference: {fileID: 0}
    - target: {fileID: 7258200872705275991, guid: 488e19843eed2214eadfa5da9c52bbb2,
        type: 3}
      propertyPath: m_LocalPosition.y
      value: 0
      objectReference: {fileID: 0}
    - target: {fileID: 7258200872705275991, guid: 488e19843eed2214eadfa5da9c52bbb2,
        type: 3}
      propertyPath: m_LocalPosition.z
      value: 0
      objectReference: {fileID: 0}
    - target: {fileID: 7258200872705275991, guid: 488e19843eed2214eadfa5da9c52bbb2,
        type: 3}
      propertyPath: m_LocalRotation.w
      value: 1
      objectReference: {fileID: 0}
    - target: {fileID: 7258200872705275991, guid: 488e19843eed2214eadfa5da9c52bbb2,
        type: 3}
      propertyPath: m_LocalRotation.x
      value: -3.3881318e-21
      objectReference: {fileID: 0}
    - target: {fileID: 7258200872705275991, guid: 488e19843eed2214eadfa5da9c52bbb2,
        type: 3}
      propertyPath: m_LocalRotation.y
      value: -0
      objectReference: {fileID: 0}
    - target: {fileID: 7258200872705275991, guid: 488e19843eed2214eadfa5da9c52bbb2,
        type: 3}
      propertyPath: m_LocalRotation.z
      value: -0
      objectReference: {fileID: 0}
    - target: {fileID: 7258200872705275991, guid: 488e19843eed2214eadfa5da9c52bbb2,
        type: 3}
      propertyPath: m_AnchoredPosition.x
      value: 39.494
      objectReference: {fileID: 0}
    - target: {fileID: 7258200872705275991, guid: 488e19843eed2214eadfa5da9c52bbb2,
        type: 3}
      propertyPath: m_AnchoredPosition.y
      value: 0
      objectReference: {fileID: 0}
    - target: {fileID: 7258200872705275991, guid: 488e19843eed2214eadfa5da9c52bbb2,
        type: 3}
      propertyPath: m_LocalEulerAnglesHint.x
      value: 0
      objectReference: {fileID: 0}
    - target: {fileID: 7258200872705275991, guid: 488e19843eed2214eadfa5da9c52bbb2,
        type: 3}
      propertyPath: m_LocalEulerAnglesHint.y
      value: 0
      objectReference: {fileID: 0}
    - target: {fileID: 7258200872705275991, guid: 488e19843eed2214eadfa5da9c52bbb2,
        type: 3}
      propertyPath: m_LocalEulerAnglesHint.z
      value: 0
      objectReference: {fileID: 0}
    m_RemovedComponents: []
    m_RemovedGameObjects: []
    m_AddedGameObjects:
    - targetCorrespondingSourceObject: {fileID: 7258200872705275991, guid: 488e19843eed2214eadfa5da9c52bbb2,
        type: 3}
      insertIndex: 0
      addedObject: {fileID: 7373490736389063843}
    - targetCorrespondingSourceObject: {fileID: 7258200872705275991, guid: 488e19843eed2214eadfa5da9c52bbb2,
        type: 3}
      insertIndex: -1
      addedObject: {fileID: 4030633513661771334}
    - targetCorrespondingSourceObject: {fileID: 7258200872705275991, guid: 488e19843eed2214eadfa5da9c52bbb2,
        type: 3}
      insertIndex: -1
      addedObject: {fileID: 4635220333115943234}
    - targetCorrespondingSourceObject: {fileID: 5065924359771737735, guid: 488e19843eed2214eadfa5da9c52bbb2,
        type: 3}
      insertIndex: -1
      addedObject: {fileID: 1085256421923206330}
    m_AddedComponents: []
  m_SourcePrefab: {fileID: 100100000, guid: 488e19843eed2214eadfa5da9c52bbb2, type: 3}
--- !u!224 &4659254326277502244 stripped
RectTransform:
  m_CorrespondingSourceObject: {fileID: 7258200872705275991, guid: 488e19843eed2214eadfa5da9c52bbb2,
    type: 3}
  m_PrefabInstance: {fileID: 2599333600625151347}
  m_PrefabAsset: {fileID: 0}
--- !u!224 &7088515722339320820 stripped
RectTransform:
  m_CorrespondingSourceObject: {fileID: 5065924359771737735, guid: 488e19843eed2214eadfa5da9c52bbb2,
    type: 3}
  m_PrefabInstance: {fileID: 2599333600625151347}
  m_PrefabAsset: {fileID: 0}
