%YAML 1.1
%TAG !u! tag:unity3d.com,2011:
--- !u!1 &93874056081846260
GameObject:
  m_ObjectHideFlags: 0
  m_CorrespondingSourceObject: {fileID: 0}
  m_PrefabInstance: {fileID: 0}
  m_PrefabAsset: {fileID: 0}
  serializedVersion: 6
  m_Component:
  - component: {fileID: 8301382835980961370}
  - component: {fileID: 469773949109955137}
  m_Layer: 5
  m_Name: Slider
  m_TagString: Untagged
  m_Icon: {fileID: 0}
  m_NavMeshLayer: 0
  m_StaticEditorFlags: 0
  m_IsActive: 1
--- !u!224 &8301382835980961370
RectTransform:
  m_ObjectHideFlags: 0
  m_CorrespondingSourceObject: {fileID: 0}
  m_PrefabInstance: {fileID: 0}
  m_PrefabAsset: {fileID: 0}
  m_GameObject: {fileID: 93874056081846260}
  m_LocalRotation: {x: 0, y: 0, z: 0, w: 1}
  m_LocalPosition: {x: 0, y: 0, z: 0}
  m_LocalScale: {x: 1, y: 1, z: 1}
  m_ConstrainProportionsScale: 0
  m_Children:
  - {fileID: 4015874603246491768}
  - {fileID: 638718392567173365}
  m_Father: {fileID: 3212052761057991459}
  m_LocalEulerAnglesHint: {x: 0, y: 0, z: 0}
  m_AnchorMin: {x: 0.5, y: 0.5}
  m_AnchorMax: {x: 0.5, y: 0.5}
  m_AnchoredPosition: {x: -0.0363, y: 0.1205}
  m_SizeDelta: {x: 349.8238, y: 102.0185}
  m_Pivot: {x: 0.5, y: 0.5}
--- !u!114 &469773949109955137
MonoBehaviour:
  m_ObjectHideFlags: 0
  m_CorrespondingSourceObject: {fileID: 0}
  m_PrefabInstance: {fileID: 0}
  m_PrefabAsset: {fileID: 0}
  m_GameObject: {fileID: 93874056081846260}
  m_Enabled: 1
  m_EditorHideFlags: 0
  m_Script: {fileID: 11500000, guid: 67db9e8f0e2ae9c40bc1e2b64352a6b4, type: 3}
  m_Name: 
  m_EditorClassIdentifier: 
  m_Navigation:
    m_Mode: 3
    m_WrapAround: 0
    m_SelectOnUp: {fileID: 0}
    m_SelectOnDown: {fileID: 0}
    m_SelectOnLeft: {fileID: 0}
    m_SelectOnRight: {fileID: 0}
  m_Transition: 0
  m_Colors:
    m_NormalColor: {r: 1, g: 1, b: 1, a: 1}
    m_HighlightedColor: {r: 0.9607843, g: 0.9607843, b: 0.9607843, a: 1}
    m_PressedColor: {r: 0.78431374, g: 0.78431374, b: 0.78431374, a: 1}
    m_SelectedColor: {r: 0.9607843, g: 0.9607843, b: 0.9607843, a: 1}
    m_DisabledColor: {r: 0.78431374, g: 0.78431374, b: 0.78431374, a: 0.5019608}
    m_ColorMultiplier: 1
    m_FadeDuration: 0.1
  m_SpriteState:
    m_HighlightedSprite: {fileID: 0}
    m_PressedSprite: {fileID: 0}
    m_SelectedSprite: {fileID: 0}
    m_DisabledSprite: {fileID: 0}
  m_AnimationTriggers:
    m_NormalTrigger: Normal
    m_HighlightedTrigger: Highlighted
    m_PressedTrigger: Pressed
    m_SelectedTrigger: Selected
    m_DisabledTrigger: Disabled
  m_Interactable: 0
  m_TargetGraphic: {fileID: 3431242286593059861}
  m_FillRect: {fileID: 2154048093207640648}
  m_HandleRect: {fileID: 7717622154998336475}
  m_Direction: 0
  m_MinValue: 0
  m_MaxValue: 1
  m_WholeNumbers: 0
  m_Value: 0.34
  m_OnValueChanged:
    m_PersistentCalls:
      m_Calls: []
--- !u!1 &179041909590860472
GameObject:
  m_ObjectHideFlags: 0
  m_CorrespondingSourceObject: {fileID: 0}
  m_PrefabInstance: {fileID: 0}
  m_PrefabAsset: {fileID: 0}
  serializedVersion: 6
  m_Component:
  - component: {fileID: 638718392567173365}
  m_Layer: 5
  m_Name: Handle Slide Area
  m_TagString: Untagged
  m_Icon: {fileID: 0}
  m_NavMeshLayer: 0
  m_StaticEditorFlags: 0
  m_IsActive: 1
--- !u!224 &638718392567173365
RectTransform:
  m_ObjectHideFlags: 0
  m_CorrespondingSourceObject: {fileID: 0}
  m_PrefabInstance: {fileID: 0}
  m_PrefabAsset: {fileID: 0}
  m_GameObject: {fileID: 179041909590860472}
  m_LocalRotation: {x: -0, y: -0, z: -0, w: 1}
  m_LocalPosition: {x: 0, y: 0, z: 0}
  m_LocalScale: {x: 1, y: 1, z: 1}
  m_ConstrainProportionsScale: 0
  m_Children:
  - {fileID: 7717622154998336475}
  m_Father: {fileID: 8301382835980961370}
  m_LocalEulerAnglesHint: {x: 0, y: 0, z: 0}
  m_AnchorMin: {x: 0, y: 0}
  m_AnchorMax: {x: 1, y: 1}
  m_AnchoredPosition: {x: 0.00012207031, y: -0.000061035156}
  m_SizeDelta: {x: -20, y: 0}
  m_Pivot: {x: 0.5, y: 0.5}
--- !u!1 &1230476956723826563
GameObject:
  m_ObjectHideFlags: 0
  m_CorrespondingSourceObject: {fileID: 0}
  m_PrefabInstance: {fileID: 0}
  m_PrefabAsset: {fileID: 0}
  serializedVersion: 6
  m_Component:
  - component: {fileID: 1391370430562782401}
  - component: {fileID: 7309799803294438603}
  - component: {fileID: 4904660191432756594}
  m_Layer: 5
  m_Name: Perfect_Text
  m_TagString: Untagged
  m_Icon: {fileID: 0}
  m_NavMeshLayer: 0
  m_StaticEditorFlags: 0
  m_IsActive: 0
--- !u!224 &1391370430562782401
RectTransform:
  m_ObjectHideFlags: 0
  m_CorrespondingSourceObject: {fileID: 0}
  m_PrefabInstance: {fileID: 0}
  m_PrefabAsset: {fileID: 0}
  m_GameObject: {fileID: 1230476956723826563}
  m_LocalRotation: {x: -0, y: -0, z: -0, w: 1}
  m_LocalPosition: {x: 0, y: 0, z: 0}
  m_LocalScale: {x: 1, y: 1, z: 1}
  m_ConstrainProportionsScale: 0
  m_Children: []
  m_Father: {fileID: 1999462960093185838}
  m_LocalEulerAnglesHint: {x: 0, y: 0, z: 7.966}
  m_AnchorMin: {x: 0.085120805, y: 0.75146335}
  m_AnchorMax: {x: 0.28717083, y: 0.82556754}
  m_AnchoredPosition: {x: 160.45508, y: -13.686691}
  m_SizeDelta: {x: 322.6681, y: 72.68583}
  m_Pivot: {x: 0.5, y: 0.5}
--- !u!222 &7309799803294438603
CanvasRenderer:
  m_ObjectHideFlags: 0
  m_CorrespondingSourceObject: {fileID: 0}
  m_PrefabInstance: {fileID: 0}
  m_PrefabAsset: {fileID: 0}
  m_GameObject: {fileID: 1230476956723826563}
  m_CullTransparentMesh: 1
--- !u!114 &4904660191432756594
MonoBehaviour:
  m_ObjectHideFlags: 0
  m_CorrespondingSourceObject: {fileID: 0}
  m_PrefabInstance: {fileID: 0}
  m_PrefabAsset: {fileID: 0}
  m_GameObject: {fileID: 1230476956723826563}
  m_Enabled: 1
  m_EditorHideFlags: 0
  m_Script: {fileID: 11500000, guid: f4688fdb7df04437aeb418b961361dc5, type: 3}
  m_Name: 
  m_EditorClassIdentifier: 
  m_Material: {fileID: 0}
  m_Color: {r: 1, g: 1, b: 1, a: 1}
  m_RaycastTarget: 1
  m_RaycastPadding: {x: 0, y: 0, z: 0, w: 0}
  m_Maskable: 1
  m_OnCullStateChanged:
    m_PersistentCalls:
      m_Calls: []
  m_text: PERFECT
  m_isRightToLeft: 0
  m_fontAsset: {fileID: 11400000, guid: 1976b8e7db3f7db4485cc5636829a0da, type: 2}
  m_sharedMaterial: {fileID: -6368416177241527751, guid: 1976b8e7db3f7db4485cc5636829a0da,
    type: 2}
  m_fontSharedMaterials: []
  m_fontMaterial: {fileID: 0}
  m_fontMaterials: []
  m_fontColor32:
    serializedVersion: 2
    rgba: 4284935423
  m_fontColor: {r: 1, g: 0.9264936, b: 0.4009434, a: 1}
  m_enableVertexGradient: 0
  m_colorMode: 2
  m_fontColorGradient:
    topLeft: {r: 1, g: 0.9021698, b: 0.7122642, a: 1}
    topRight: {r: 1, g: 0.9021698, b: 0.7122642, a: 1}
    bottomLeft: {r: 1, g: 0.8392733, b: 0.4575472, a: 1}
    bottomRight: {r: 1, g: 0.8392733, b: 0.4575472, a: 1}
  m_fontColorGradientPreset: {fileID: 0}
  m_spriteAsset: {fileID: 0}
  m_tintAllSprites: 0
  m_StyleSheet: {fileID: 0}
  m_TextStyleHashCode: -1183493901
  m_overrideHtmlColors: 0
  m_faceColor:
    serializedVersion: 2
    rgba: 4294967295
  m_fontSize: 82.1
  m_fontSizeBase: 82.1
  m_fontWeight: 400
  m_enableAutoSizing: 0
  m_fontSizeMin: 18
  m_fontSizeMax: 72
  m_fontStyle: 0
  m_HorizontalAlignment: 2
  m_VerticalAlignment: 256
  m_textAlignment: 65535
  m_characterSpacing: 0
  m_wordSpacing: 0
  m_lineSpacing: 0
  m_lineSpacingMax: 0
  m_paragraphSpacing: 0
  m_charWidthMaxAdj: 0
  m_TextWrappingMode: 1
  m_wordWrappingRatios: 0.4
  m_overflowMode: 0
  m_linkedTextComponent: {fileID: 0}
  parentLinkedComponent: {fileID: 0}
  m_enableKerning: 0
  m_ActiveFontFeatures: 6e72656b
  m_enableExtraPadding: 0
  checkPaddingRequired: 0
  m_isRichText: 1
  m_EmojiFallbackSupport: 1
  m_parseCtrlCharacters: 1
  m_isOrthographic: 1
  m_isCullingEnabled: 0
  m_horizontalMapping: 0
  m_verticalMapping: 0
  m_uvLineOffset: 0
  m_geometrySortingOrder: 0
  m_IsTextObjectScaleStatic: 0
  m_VertexBufferAutoSizeReduction: 0
  m_useMaxVisibleDescender: 1
  m_pageToDisplay: 1
  m_margin: {x: 0, y: 0, z: 0, w: 0}
  m_isUsingLegacyAnimationComponent: 0
  m_isVolumetricText: 0
  m_hasFontAssetChanged: 0
  m_baseMaterial: {fileID: 0}
  m_maskOffset: {x: 0, y: 0, z: 0, w: 0}
--- !u!1 &1606099086330688783
GameObject:
  m_ObjectHideFlags: 0
  m_CorrespondingSourceObject: {fileID: 0}
  m_PrefabInstance: {fileID: 0}
  m_PrefabAsset: {fileID: 0}
  serializedVersion: 6
  m_Component:
  - component: {fileID: 7717622154998336475}
  - component: {fileID: 1568640041670417396}
  - component: {fileID: 3431242286593059861}
  m_Layer: 5
  m_Name: Handle
  m_TagString: Untagged
  m_Icon: {fileID: 0}
  m_NavMeshLayer: 0
  m_StaticEditorFlags: 0
  m_IsActive: 1
--- !u!224 &7717622154998336475
RectTransform:
  m_ObjectHideFlags: 0
  m_CorrespondingSourceObject: {fileID: 0}
  m_PrefabInstance: {fileID: 0}
  m_PrefabAsset: {fileID: 0}
  m_GameObject: {fileID: 1606099086330688783}
  m_LocalRotation: {x: -0, y: -0, z: -0, w: 1}
  m_LocalPosition: {x: 0, y: 0, z: 0}
  m_LocalScale: {x: 1, y: 1, z: 1}
  m_ConstrainProportionsScale: 0
  m_Children: []
  m_Father: {fileID: 638718392567173365}
  m_LocalEulerAnglesHint: {x: 0, y: 0, z: 0}
  m_AnchorMin: {x: 0, y: 0}
  m_AnchorMax: {x: 0, y: 0}
  m_AnchoredPosition: {x: -0.00024414062, y: 0.00012207031}
  m_SizeDelta: {x: 7.2856, y: 0}
  m_Pivot: {x: 0.5, y: 0.5}
--- !u!222 &1568640041670417396
CanvasRenderer:
  m_ObjectHideFlags: 0
  m_CorrespondingSourceObject: {fileID: 0}
  m_PrefabInstance: {fileID: 0}
  m_PrefabAsset: {fileID: 0}
  m_GameObject: {fileID: 1606099086330688783}
  m_CullTransparentMesh: 1
--- !u!114 &3431242286593059861
MonoBehaviour:
  m_ObjectHideFlags: 0
  m_CorrespondingSourceObject: {fileID: 0}
  m_PrefabInstance: {fileID: 0}
  m_PrefabAsset: {fileID: 0}
  m_GameObject: {fileID: 1606099086330688783}
  m_Enabled: 1
  m_EditorHideFlags: 0
  m_Script: {fileID: 11500000, guid: fe87c0e1cc204ed48ad3b37840f39efc, type: 3}
  m_Name: 
  m_EditorClassIdentifier: 
  m_Material: {fileID: 0}
  m_Color: {r: 1, g: 1, b: 1, a: 1}
  m_RaycastTarget: 0
  m_RaycastPadding: {x: 0, y: 0, z: 0, w: 0}
  m_Maskable: 1
  m_OnCullStateChanged:
    m_PersistentCalls:
      m_Calls: []
  m_Sprite: {fileID: 0}
  m_Type: 0
  m_PreserveAspect: 0
  m_FillCenter: 1
  m_FillMethod: 4
  m_FillAmount: 1
  m_FillClockwise: 1
  m_FillOrigin: 0
  m_UseSpriteMesh: 0
  m_PixelsPerUnitMultiplier: 1
--- !u!1 &2411662306461722933
GameObject:
  m_ObjectHideFlags: 0
  m_CorrespondingSourceObject: {fileID: 0}
  m_PrefabInstance: {fileID: 0}
  m_PrefabAsset: {fileID: 0}
  serializedVersion: 6
  m_Component:
  - component: {fileID: 4015874603246491768}
  m_Layer: 5
  m_Name: Fill Area
  m_TagString: Untagged
  m_Icon: {fileID: 0}
  m_NavMeshLayer: 0
  m_StaticEditorFlags: 0
  m_IsActive: 0
--- !u!224 &4015874603246491768
RectTransform:
  m_ObjectHideFlags: 0
  m_CorrespondingSourceObject: {fileID: 0}
  m_PrefabInstance: {fileID: 0}
  m_PrefabAsset: {fileID: 0}
  m_GameObject: {fileID: 2411662306461722933}
  m_LocalRotation: {x: -0, y: -0, z: -0, w: 1}
  m_LocalPosition: {x: 0, y: 0, z: 0}
  m_LocalScale: {x: 1, y: 1, z: 1}
  m_ConstrainProportionsScale: 0
  m_Children:
  - {fileID: 2154048093207640648}
  m_Father: {fileID: 8301382835980961370}
  m_LocalEulerAnglesHint: {x: 0, y: 0, z: 0}
  m_AnchorMin: {x: 0, y: 0.25}
  m_AnchorMax: {x: 1, y: 0.75}
  m_AnchoredPosition: {x: -4.9999695, y: 0}
  m_SizeDelta: {x: -20, y: 0}
  m_Pivot: {x: 0.5, y: 0.5}
--- !u!1 &3169588031279015886
GameObject:
  m_ObjectHideFlags: 0
  m_CorrespondingSourceObject: {fileID: 0}
  m_PrefabInstance: {fileID: 0}
  m_PrefabAsset: {fileID: 0}
  serializedVersion: 6
  m_Component:
  - component: {fileID: 2154048093207640648}
  - component: {fileID: 5625507557655250442}
  - component: {fileID: 4591243502069207015}
  m_Layer: 5
  m_Name: Fill
  m_TagString: Untagged
  m_Icon: {fileID: 0}
  m_NavMeshLayer: 0
  m_StaticEditorFlags: 0
  m_IsActive: 1
--- !u!224 &2154048093207640648
RectTransform:
  m_ObjectHideFlags: 0
  m_CorrespondingSourceObject: {fileID: 0}
  m_PrefabInstance: {fileID: 0}
  m_PrefabAsset: {fileID: 0}
  m_GameObject: {fileID: 3169588031279015886}
  m_LocalRotation: {x: -0, y: -0, z: -0, w: 1}
  m_LocalPosition: {x: 0, y: 0, z: 0}
  m_LocalScale: {x: 1, y: 1, z: 1}
  m_ConstrainProportionsScale: 0
  m_Children: []
  m_Father: {fileID: 4015874603246491768}
  m_LocalEulerAnglesHint: {x: 0, y: 0, z: 0}
  m_AnchorMin: {x: 0, y: 0}
  m_AnchorMax: {x: 0, y: 0}
  m_AnchoredPosition: {x: -0.00024414062, y: 0.00012207031}
  m_SizeDelta: {x: 10, y: 0}
  m_Pivot: {x: 0.5, y: 0.5}
--- !u!222 &5625507557655250442
CanvasRenderer:
  m_ObjectHideFlags: 0
  m_CorrespondingSourceObject: {fileID: 0}
  m_PrefabInstance: {fileID: 0}
  m_PrefabAsset: {fileID: 0}
  m_GameObject: {fileID: 3169588031279015886}
  m_CullTransparentMesh: 1
--- !u!114 &4591243502069207015
MonoBehaviour:
  m_ObjectHideFlags: 0
  m_CorrespondingSourceObject: {fileID: 0}
  m_PrefabInstance: {fileID: 0}
  m_PrefabAsset: {fileID: 0}
  m_GameObject: {fileID: 3169588031279015886}
  m_Enabled: 0
  m_EditorHideFlags: 0
  m_Script: {fileID: 11500000, guid: fe87c0e1cc204ed48ad3b37840f39efc, type: 3}
  m_Name: 
  m_EditorClassIdentifier: 
  m_Material: {fileID: 0}
  m_Color: {r: 1, g: 1, b: 1, a: 1}
  m_RaycastTarget: 1
  m_RaycastPadding: {x: 0, y: 0, z: 0, w: 0}
  m_Maskable: 1
  m_OnCullStateChanged:
    m_PersistentCalls:
      m_Calls: []
  m_Sprite: {fileID: 10905, guid: 0000000000000000f000000000000000, type: 0}
  m_Type: 1
  m_PreserveAspect: 0
  m_FillCenter: 1
  m_FillMethod: 4
  m_FillAmount: 1
  m_FillClockwise: 1
  m_FillOrigin: 0
  m_UseSpriteMesh: 0
  m_PixelsPerUnitMultiplier: 1
--- !u!1 &3429406647916629627
GameObject:
  m_ObjectHideFlags: 0
  m_CorrespondingSourceObject: {fileID: 0}
  m_PrefabInstance: {fileID: 0}
  m_PrefabAsset: {fileID: 0}
  serializedVersion: 6
  m_Component:
  - component: {fileID: 8791773001833759938}
  - component: {fileID: 8266090145803717066}
  - component: {fileID: 5379249132753206999}
  m_Layer: 5
  m_Name: NORMAL KNOCK
  m_TagString: Untagged
  m_Icon: {fileID: 0}
  m_NavMeshLayer: 0
  m_StaticEditorFlags: 0
  m_IsActive: 1
--- !u!224 &8791773001833759938
RectTransform:
  m_ObjectHideFlags: 0
  m_CorrespondingSourceObject: {fileID: 0}
  m_PrefabInstance: {fileID: 0}
  m_PrefabAsset: {fileID: 0}
  m_GameObject: {fileID: 3429406647916629627}
  m_LocalRotation: {x: 0, y: 0, z: 0, w: 1}
  m_LocalPosition: {x: 0, y: 0, z: 0}
  m_LocalScale: {x: 1, y: 1, z: 1}
  m_ConstrainProportionsScale: 0
  m_Children: []
  m_Father: {fileID: 3212052761057991459}
  m_LocalEulerAnglesHint: {x: 0, y: 0, z: 0}
  m_AnchorMin: {x: 0.5, y: 0.5}
  m_AnchorMax: {x: 0.5, y: 0.5}
  m_AnchoredPosition: {x: 26.7006, y: 0.03}
  m_SizeDelta: {x: 79.8669, y: 100}
  m_Pivot: {x: 0.5, y: 0.5}
--- !u!222 &8266090145803717066
CanvasRenderer:
  m_ObjectHideFlags: 0
  m_CorrespondingSourceObject: {fileID: 0}
  m_PrefabInstance: {fileID: 0}
  m_PrefabAsset: {fileID: 0}
  m_GameObject: {fileID: 3429406647916629627}
  m_CullTransparentMesh: 1
--- !u!114 &5379249132753206999
MonoBehaviour:
  m_ObjectHideFlags: 0
  m_CorrespondingSourceObject: {fileID: 0}
  m_PrefabInstance: {fileID: 0}
  m_PrefabAsset: {fileID: 0}
  m_GameObject: {fileID: 3429406647916629627}
  m_Enabled: 1
  m_EditorHideFlags: 0
  m_Script: {fileID: 11500000, guid: fe87c0e1cc204ed48ad3b37840f39efc, type: 3}
  m_Name: 
  m_EditorClassIdentifier: 
  m_Material: {fileID: 0}
  m_Color: {r: 0.25743148, g: 0.6132076, b: 0.35854346, a: 1}
  m_RaycastTarget: 0
  m_RaycastPadding: {x: 0, y: 0, z: 0, w: 0}
  m_Maskable: 1
  m_OnCullStateChanged:
    m_PersistentCalls:
      m_Calls: []
  m_Sprite: {fileID: 0}
  m_Type: 0
  m_PreserveAspect: 0
  m_FillCenter: 1
  m_FillMethod: 4
  m_FillAmount: 1
  m_FillClockwise: 1
  m_FillOrigin: 0
  m_UseSpriteMesh: 0
  m_PixelsPerUnitMultiplier: 1
--- !u!1 &3603009195726916244
GameObject:
  m_ObjectHideFlags: 0
  m_CorrespondingSourceObject: {fileID: 0}
  m_PrefabInstance: {fileID: 0}
  m_PrefabAsset: {fileID: 0}
  serializedVersion: 6
  m_Component:
  - component: {fileID: 8771604316833406040}
  - component: {fileID: 5061106170407377670}
  m_Layer: 5
  m_Name: Progress Bar
  m_TagString: Untagged
  m_Icon: {fileID: 0}
  m_NavMeshLayer: 0
  m_StaticEditorFlags: 0
  m_IsActive: 1
--- !u!224 &8771604316833406040
RectTransform:
  m_ObjectHideFlags: 0
  m_CorrespondingSourceObject: {fileID: 0}
  m_PrefabInstance: {fileID: 0}
  m_PrefabAsset: {fileID: 0}
  m_GameObject: {fileID: 3603009195726916244}
  m_LocalRotation: {x: 0, y: 0, z: 0.7071068, w: 0.7071068}
  m_LocalPosition: {x: 0, y: 0, z: 0}
  m_LocalScale: {x: 1, y: 1, z: 1}
  m_ConstrainProportionsScale: 0
  m_Children:
  - {fileID: 2429902373893747471}
  - {fileID: 2341888247276608301}
  m_Father: {fileID: 2134587228306643173}
  m_LocalEulerAnglesHint: {x: 0, y: 0, z: 90}
  m_AnchorMin: {x: 0.08049999, y: 0.16825566}
  m_AnchorMax: {x: 0.16579168, y: 0.60929716}
  m_AnchoredPosition: {x: 22, y: 0}
  m_SizeDelta: {x: 299, y: -299}
  m_Pivot: {x: 0.5, y: 0.5}
--- !u!114 &5061106170407377670
MonoBehaviour:
  m_ObjectHideFlags: 0
  m_CorrespondingSourceObject: {fileID: 0}
  m_PrefabInstance: {fileID: 0}
  m_PrefabAsset: {fileID: 0}
  m_GameObject: {fileID: 3603009195726916244}
  m_Enabled: 1
  m_EditorHideFlags: 0
  m_Script: {fileID: 11500000, guid: 67db9e8f0e2ae9c40bc1e2b64352a6b4, type: 3}
  m_Name: 
  m_EditorClassIdentifier: 
  m_Navigation:
    m_Mode: 3
    m_WrapAround: 0
    m_SelectOnUp: {fileID: 0}
    m_SelectOnDown: {fileID: 0}
    m_SelectOnLeft: {fileID: 0}
    m_SelectOnRight: {fileID: 0}
  m_Transition: 0
  m_Colors:
    m_NormalColor: {r: 1, g: 1, b: 1, a: 1}
    m_HighlightedColor: {r: 0.9607843, g: 0.9607843, b: 0.9607843, a: 1}
    m_PressedColor: {r: 0.78431374, g: 0.78431374, b: 0.78431374, a: 1}
    m_SelectedColor: {r: 0.9607843, g: 0.9607843, b: 0.9607843, a: 1}
    m_DisabledColor: {r: 0.78431374, g: 0.78431374, b: 0.78431374, a: 0.5019608}
    m_ColorMultiplier: 1
    m_FadeDuration: 0.1
  m_SpriteState:
    m_HighlightedSprite: {fileID: 0}
    m_PressedSprite: {fileID: 0}
    m_SelectedSprite: {fileID: 0}
    m_DisabledSprite: {fileID: 0}
  m_AnimationTriggers:
    m_NormalTrigger: Normal
    m_HighlightedTrigger: Highlighted
    m_PressedTrigger: Pressed
    m_SelectedTrigger: Selected
    m_DisabledTrigger: Disabled
  m_Interactable: 0
  m_TargetGraphic: {fileID: 6616911467295437168}
  m_FillRect: {fileID: 5799737518796991322}
  m_HandleRect: {fileID: 0}
  m_Direction: 0
  m_MinValue: 0
  m_MaxValue: 10
  m_WholeNumbers: 1
  m_Value: 10
  m_OnValueChanged:
    m_PersistentCalls:
      m_Calls: []
--- !u!1 &4467988515878098802
GameObject:
  m_ObjectHideFlags: 0
  m_CorrespondingSourceObject: {fileID: 0}
  m_PrefabInstance: {fileID: 0}
  m_PrefabAsset: {fileID: 0}
  serializedVersion: 6
  m_Component:
  - component: {fileID: 63010880503261509}
  - component: {fileID: 7532867942409440991}
  - component: {fileID: 7601943762419593336}
  m_Layer: 5
  m_Name: MAX KNOCK
  m_TagString: Untagged
  m_Icon: {fileID: 0}
  m_NavMeshLayer: 0
  m_StaticEditorFlags: 0
  m_IsActive: 1
--- !u!224 &63010880503261509
RectTransform:
  m_ObjectHideFlags: 0
  m_CorrespondingSourceObject: {fileID: 0}
  m_PrefabInstance: {fileID: 0}
  m_PrefabAsset: {fileID: 0}
  m_GameObject: {fileID: 4467988515878098802}
  m_LocalRotation: {x: 0, y: 0, z: 0, w: 1}
  m_LocalPosition: {x: 0, y: 0, z: 0}
  m_LocalScale: {x: 1, y: 1, z: 1}
  m_ConstrainProportionsScale: 0
  m_Children: []
  m_Father: {fileID: 3212052761057991459}
  m_LocalEulerAnglesHint: {x: 0, y: 0, z: 0}
  m_AnchorMin: {x: 0.5, y: 0.5}
  m_AnchorMax: {x: 0.5, y: 0.5}
  m_AnchoredPosition: {x: 66.3437, y: 0.001}
  m_SizeDelta: {x: 24.6753, y: 100}
  m_Pivot: {x: 0.5, y: 0.5}
--- !u!222 &7532867942409440991
CanvasRenderer:
  m_ObjectHideFlags: 0
  m_CorrespondingSourceObject: {fileID: 0}
  m_PrefabInstance: {fileID: 0}
  m_PrefabAsset: {fileID: 0}
  m_GameObject: {fileID: 4467988515878098802}
  m_CullTransparentMesh: 1
--- !u!114 &7601943762419593336
MonoBehaviour:
  m_ObjectHideFlags: 0
  m_CorrespondingSourceObject: {fileID: 0}
  m_PrefabInstance: {fileID: 0}
  m_PrefabAsset: {fileID: 0}
  m_GameObject: {fileID: 4467988515878098802}
  m_Enabled: 1
  m_EditorHideFlags: 0
  m_Script: {fileID: 11500000, guid: fe87c0e1cc204ed48ad3b37840f39efc, type: 3}
  m_Name: 
  m_EditorClassIdentifier: 
  m_Material: {fileID: 0}
  m_Color: {r: 0, g: 1, b: 0.5968416, a: 1}
  m_RaycastTarget: 0
  m_RaycastPadding: {x: 0, y: 0, z: 0, w: 0}
  m_Maskable: 1
  m_OnCullStateChanged:
    m_PersistentCalls:
      m_Calls: []
  m_Sprite: {fileID: 0}
  m_Type: 0
  m_PreserveAspect: 0
  m_FillCenter: 1
  m_FillMethod: 4
  m_FillAmount: 1
  m_FillClockwise: 1
  m_FillOrigin: 0
  m_UseSpriteMesh: 0
  m_PixelsPerUnitMultiplier: 1
--- !u!1 &4754004982237267793
GameObject:
  m_ObjectHideFlags: 0
  m_CorrespondingSourceObject: {fileID: 0}
  m_PrefabInstance: {fileID: 0}
  m_PrefabAsset: {fileID: 0}
  serializedVersion: 6
  m_Component:
  - component: {fileID: 1999462960093185838}
  m_Layer: 5
  m_Name: Tween_Text
  m_TagString: Untagged
  m_Icon: {fileID: 0}
  m_NavMeshLayer: 0
  m_StaticEditorFlags: 0
  m_IsActive: 1
--- !u!224 &1999462960093185838
RectTransform:
  m_ObjectHideFlags: 0
  m_CorrespondingSourceObject: {fileID: 0}
  m_PrefabInstance: {fileID: 0}
  m_PrefabAsset: {fileID: 0}
  m_GameObject: {fileID: 4754004982237267793}
  m_LocalRotation: {x: -0, y: -0, z: 0.071268626, w: 0.9974572}
  m_LocalPosition: {x: 0, y: 0, z: 0}
  m_LocalScale: {x: 1, y: 1, z: 1}
  m_ConstrainProportionsScale: 0
  m_Children:
  - {fileID: 1391370430562782401}
  - {fileID: 5100269901570326747}
  - {fileID: 6433742675404247691}
  m_Father: {fileID: 2134587228306643173}
  m_LocalEulerAnglesHint: {x: 0, y: 0, z: 8.174}
  m_AnchorMin: {x: 0.5, y: 0.5}
  m_AnchorMax: {x: 0.5, y: 0.5}
  m_AnchoredPosition: {x: 214.53, y: -143}
  m_SizeDelta: {x: 429.0679, y: 100}
  m_Pivot: {x: 0.5, y: 0.5}
--- !u!1 &5263035124645139374
GameObject:
  m_ObjectHideFlags: 0
  m_CorrespondingSourceObject: {fileID: 0}
  m_PrefabInstance: {fileID: 0}
  m_PrefabAsset: {fileID: 0}
  serializedVersion: 6
  m_Component:
  - component: {fileID: 7917545704765033680}
  - component: {fileID: 42668780493080920}
  - component: {fileID: 5471845762422072603}
  - component: {fileID: 7671740607559613360}
  m_Layer: 5
  m_Name: UI Cut Corners
  m_TagString: Untagged
  m_Icon: {fileID: 0}
  m_NavMeshLayer: 0
  m_StaticEditorFlags: 0
  m_IsActive: 1
--- !u!224 &7917545704765033680
RectTransform:
  m_ObjectHideFlags: 0
  m_CorrespondingSourceObject: {fileID: 0}
  m_PrefabInstance: {fileID: 0}
  m_PrefabAsset: {fileID: 0}
  m_GameObject: {fileID: 5263035124645139374}
  m_LocalRotation: {x: -0, y: -0, z: -0, w: 1}
  m_LocalPosition: {x: 0, y: 0, z: 0}
  m_LocalScale: {x: 1, y: 1, z: 1}
  m_ConstrainProportionsScale: 0
  m_Children: []
  m_Father: {fileID: 3212052761057991459}
  m_LocalEulerAnglesHint: {x: 0, y: 0, z: 0.042}
  m_AnchorMin: {x: 0.5, y: 0.5}
  m_AnchorMax: {x: 0.5, y: 0.5}
  m_AnchoredPosition: {x: -8.2885, y: 0.0083}
  m_SizeDelta: {x: 368.8748, y: 103.1152}
  m_Pivot: {x: 0.5, y: 0.5}
--- !u!222 &42668780493080920
CanvasRenderer:
  m_ObjectHideFlags: 0
  m_CorrespondingSourceObject: {fileID: 0}
  m_PrefabInstance: {fileID: 0}
  m_PrefabAsset: {fileID: 0}
  m_GameObject: {fileID: 5263035124645139374}
  m_CullTransparentMesh: 1
--- !u!114 &5471845762422072603
MonoBehaviour:
  m_ObjectHideFlags: 0
  m_CorrespondingSourceObject: {fileID: 0}
  m_PrefabInstance: {fileID: 0}
  m_PrefabAsset: {fileID: 0}
  m_GameObject: {fileID: 5263035124645139374}
  m_Enabled: 1
  m_EditorHideFlags: 0
  m_Script: {fileID: 11500000, guid: e68f7d540fbfa754e91fff56d9bd2af1, type: 3}
  m_Name: 
  m_EditorClassIdentifier: 
  blendMode: 0
  intensity: 1
  gradientType: 2
  linearColor1: {r: 0.9960785, g: 0.7803922, b: 0.24705884, a: 1}
  linearColor2: {r: 0.9960785, g: 0.37254903, b: 0.121568635, a: 1}
  cornerColorUpperLeft: {r: 1, g: 0, b: 0, a: 1}
  cornerColorUpperRight: {r: 1, g: 0.92156863, b: 0.015686275, a: 1}
  cornerColorLowerRight: {r: 0, g: 1, b: 0, a: 1}
  cornerColorLowerLeft: {r: 0, g: 0, b: 1, a: 1}
  linearGradient:
    serializedVersion: 2
    key0: {r: 1, g: 0.13725491, b: 0.078431375, a: 1}
    key1: {r: 1.0075111, g: 0.2901961, b: 0.10980393, a: 1}
    key2: {r: 1, g: 0.6950249, b: 0.24056602, a: 0}
    key3: {r: 1, g: 0.6950249, b: 0.24056602, a: 0}
    key4: {r: 1, g: 0.92021275, b: 0.7877358, a: 0}
    key5: {r: 1, g: 0.92021275, b: 0.7877358, a: 0}
    key6: {r: 1, g: 0.92021275, b: 0.7877358, a: 0}
    key7: {r: 1, g: 0.92021275, b: 0.7877358, a: 0}
    ctime0: 10601
    ctime1: 46260
    ctime2: 65535
    ctime3: 65535
    ctime4: 65535
    ctime5: 65535
    ctime6: 65535
    ctime7: 65535
    atime0: 0
    atime1: 65535
    atime2: 65535
    atime3: 0
    atime4: 0
    atime5: 0
    atime6: 0
    atime7: 0
    m_Mode: 2
    m_ColorSpace: 0
    m_NumColorKeys: 3
    m_NumAlphaKeys: 2
  angle: 270
--- !u!114 &7671740607559613360
MonoBehaviour:
  m_ObjectHideFlags: 0
  m_CorrespondingSourceObject: {fileID: 0}
  m_PrefabInstance: {fileID: 0}
  m_PrefabAsset: {fileID: 0}
  m_GameObject: {fileID: 5263035124645139374}
  m_Enabled: 1
  m_EditorHideFlags: 0
  m_Script: {fileID: 11500000, guid: fe87c0e1cc204ed48ad3b37840f39efc, type: 3}
  m_Name: 
  m_EditorClassIdentifier: 
  m_Material: {fileID: 0}
  m_Color: {r: 1, g: 1, b: 1, a: 1}
  m_RaycastTarget: 0
  m_RaycastPadding: {x: 0, y: 0, z: 0, w: 0}
  m_Maskable: 1
  m_OnCullStateChanged:
    m_PersistentCalls:
      m_Calls: []
  m_Sprite: {fileID: 21300000, guid: a285fb5ee9440cc4191467336310dae3, type: 3}
  m_Type: 0
  m_PreserveAspect: 0
  m_FillCenter: 1
  m_FillMethod: 0
  m_FillAmount: 1
  m_FillClockwise: 1
  m_FillOrigin: 0
  m_UseSpriteMesh: 0
  m_PixelsPerUnitMultiplier: 30
--- !u!1 &5575585110134901808
GameObject:
  m_ObjectHideFlags: 0
  m_CorrespondingSourceObject: {fileID: 0}
  m_PrefabInstance: {fileID: 0}
  m_PrefabAsset: {fileID: 0}
  serializedVersion: 6
  m_Component:
  - component: {fileID: 8477975107809759560}
  - component: {fileID: 8474793439729532148}
  - component: {fileID: 3171876779912155513}
  - component: {fileID: 5794307145282851139}
  m_Layer: 5
  m_Name: Charged_Text
  m_TagString: Untagged
  m_Icon: {fileID: 0}
  m_NavMeshLayer: 0
  m_StaticEditorFlags: 0
  m_IsActive: 1
--- !u!224 &8477975107809759560
RectTransform:
  m_ObjectHideFlags: 0
  m_CorrespondingSourceObject: {fileID: 0}
  m_PrefabInstance: {fileID: 0}
  m_PrefabAsset: {fileID: 0}
  m_GameObject: {fileID: 5575585110134901808}
  m_LocalRotation: {x: -0, y: -0, z: 0.069458924, w: 0.9975848}
  m_LocalPosition: {x: 0, y: 0, z: 0}
  m_LocalScale: {x: 1, y: 1, z: 1}
  m_ConstrainProportionsScale: 0
  m_Children: []
  m_Father: {fileID: 2134587228306643173}
  m_LocalEulerAnglesHint: {x: 0, y: 0, z: 7.966}
  m_AnchorMin: {x: 0.085120805, y: 0.75146335}
  m_AnchorMax: {x: 0.28717083, y: 0.82556754}
  m_AnchoredPosition: {x: 0, y: 0}
  m_SizeDelta: {x: 0, y: 0}
  m_Pivot: {x: 0.5, y: 0.5}
--- !u!222 &8474793439729532148
CanvasRenderer:
  m_ObjectHideFlags: 0
  m_CorrespondingSourceObject: {fileID: 0}
  m_PrefabInstance: {fileID: 0}
  m_PrefabAsset: {fileID: 0}
  m_GameObject: {fileID: 5575585110134901808}
  m_CullTransparentMesh: 1
--- !u!114 &3171876779912155513
MonoBehaviour:
  m_ObjectHideFlags: 0
  m_CorrespondingSourceObject: {fileID: 0}
  m_PrefabInstance: {fileID: 0}
  m_PrefabAsset: {fileID: 0}
  m_GameObject: {fileID: 5575585110134901808}
  m_Enabled: 1
  m_EditorHideFlags: 0
  m_Script: {fileID: 11500000, guid: f4688fdb7df04437aeb418b961361dc5, type: 3}
  m_Name: 
  m_EditorClassIdentifier: 
  m_Material: {fileID: 0}
  m_Color: {r: 1, g: 1, b: 1, a: 1}
  m_RaycastTarget: 1
  m_RaycastPadding: {x: 0, y: 0, z: 0, w: 0}
  m_Maskable: 1
  m_OnCullStateChanged:
    m_PersistentCalls:
      m_Calls: []
  m_text: CHARGED
  m_isRightToLeft: 0
  m_fontAsset: {fileID: 11400000, guid: 1976b8e7db3f7db4485cc5636829a0da, type: 2}
  m_sharedMaterial: {fileID: -6368416177241527751, guid: 1976b8e7db3f7db4485cc5636829a0da,
    type: 2}
  m_fontSharedMaterials: []
  m_fontMaterial: {fileID: 0}
  m_fontMaterials: []
  m_fontColor32:
    serializedVersion: 2
    rgba: 4282564607
  m_fontColor: {r: 1, g: 0.74838716, b: 0.2588235, a: 1}
  m_enableVertexGradient: 1
  m_colorMode: 2
  m_fontColorGradient:
    topLeft: {r: 1, g: 1, b: 1, a: 1}
    topRight: {r: 1, g: 1, b: 1, a: 1}
    bottomLeft: {r: 1, g: 0.3915094, b: 0.3915094, a: 1}
    bottomRight: {r: 1, g: 0.3915094, b: 0.3915094, a: 1}
  m_fontColorGradientPreset: {fileID: 0}
  m_spriteAsset: {fileID: 0}
  m_tintAllSprites: 0
  m_StyleSheet: {fileID: 0}
  m_TextStyleHashCode: -1183493901
  m_overrideHtmlColors: 0
  m_faceColor:
    serializedVersion: 2
    rgba: 4294967295
  m_fontSize: 82.1
  m_fontSizeBase: 82.1
  m_fontWeight: 400
  m_enableAutoSizing: 0
  m_fontSizeMin: 18
  m_fontSizeMax: 72
  m_fontStyle: 0
  m_HorizontalAlignment: 2
  m_VerticalAlignment: 256
  m_textAlignment: 65535
  m_characterSpacing: 0
  m_wordSpacing: 0
  m_lineSpacing: 0
  m_lineSpacingMax: 0
  m_paragraphSpacing: 0
  m_charWidthMaxAdj: 0
  m_TextWrappingMode: 1
  m_wordWrappingRatios: 0.4
  m_overflowMode: 0
  m_linkedTextComponent: {fileID: 0}
  parentLinkedComponent: {fileID: 0}
  m_enableKerning: 0
  m_ActiveFontFeatures: 6e72656b
  m_enableExtraPadding: 0
  checkPaddingRequired: 0
  m_isRichText: 1
  m_EmojiFallbackSupport: 1
  m_parseCtrlCharacters: 1
  m_isOrthographic: 1
  m_isCullingEnabled: 0
  m_horizontalMapping: 0
  m_verticalMapping: 0
  m_uvLineOffset: 0
  m_geometrySortingOrder: 0
  m_IsTextObjectScaleStatic: 0
  m_VertexBufferAutoSizeReduction: 0
  m_useMaxVisibleDescender: 1
  m_pageToDisplay: 1
  m_margin: {x: 0, y: 0, z: 0, w: 0}
  m_isUsingLegacyAnimationComponent: 0
  m_isVolumetricText: 0
  m_hasFontAssetChanged: 0
  m_baseMaterial: {fileID: 0}
  m_maskOffset: {x: 0, y: 0, z: 0, w: 0}
--- !u!114 &5794307145282851139
MonoBehaviour:
  m_ObjectHideFlags: 0
  m_CorrespondingSourceObject: {fileID: 0}
  m_PrefabInstance: {fileID: 0}
  m_PrefabAsset: {fileID: 0}
  m_GameObject: {fileID: 5575585110134901808}
  m_Enabled: 1
  m_EditorHideFlags: 0
  m_Script: {fileID: 11500000, guid: e8ace8ced0e81c847968cdca0aeda757, type: 3}
  m_Name: 
  m_EditorClassIdentifier: 
  typewriterStartsAutomatically: 0
  animationLoop: 0
  timeScale: 1
  _text: CHARGED
  useDynamicScaling: 1
  referenceFontSize: 6
  isResettingTimeOnNewText: 1
  useDefaultDatabases: 1
  databaseBehaviors: {fileID: 11400000, guid: a31952895db160143a3f127c2eb9b4cf, type: 2}
  databaseAppearances: {fileID: 0}
  databaseActions: {fileID: 0}
  defaultAppearancesTags:
  - size
  defaultDisappearancesTags:
  - fade
  defaultBehaviorsTags:
  - wiggle
  defaultTagsMode: 0
--- !u!1 &6328336113828315393
GameObject:
  m_ObjectHideFlags: 0
  m_CorrespondingSourceObject: {fileID: 0}
  m_PrefabInstance: {fileID: 0}
  m_PrefabAsset: {fileID: 0}
  serializedVersion: 6
  m_Component:
  - component: {fileID: 6433742675404247691}
  - component: {fileID: 8543244665161969499}
  - component: {fileID: 6346810483435429505}
  m_Layer: 5
  m_Name: OKAY_TEXT
  m_TagString: Untagged
  m_Icon: {fileID: 0}
  m_NavMeshLayer: 0
  m_StaticEditorFlags: 0
  m_IsActive: 0
--- !u!224 &6433742675404247691
RectTransform:
  m_ObjectHideFlags: 0
  m_CorrespondingSourceObject: {fileID: 0}
  m_PrefabInstance: {fileID: 0}
  m_PrefabAsset: {fileID: 0}
  m_GameObject: {fileID: 6328336113828315393}
  m_LocalRotation: {x: -0, y: -0, z: 0.0047826986, w: -0.99998856}
  m_LocalPosition: {x: 0, y: 0, z: -0}
  m_LocalScale: {x: 1, y: 1, z: 1}
  m_ConstrainProportionsScale: 0
  m_Children: []
  m_Father: {fileID: 1999462960093185838}
  m_LocalEulerAnglesHint: {x: 0, y: 0, z: 7.418}
  m_AnchorMin: {x: 0.085120805, y: 0.75146335}
  m_AnchorMax: {x: 0.28717083, y: 0.82556754}
  m_AnchoredPosition: {x: 136, y: -5.8}
  m_SizeDelta: {x: 183.74539, y: 45.80613}
  m_Pivot: {x: 0.5, y: 0.5}
--- !u!222 &8543244665161969499
CanvasRenderer:
  m_ObjectHideFlags: 0
  m_CorrespondingSourceObject: {fileID: 0}
  m_PrefabInstance: {fileID: 0}
  m_PrefabAsset: {fileID: 0}
  m_GameObject: {fileID: 6328336113828315393}
  m_CullTransparentMesh: 1
--- !u!114 &6346810483435429505
MonoBehaviour:
  m_ObjectHideFlags: 0
  m_CorrespondingSourceObject: {fileID: 0}
  m_PrefabInstance: {fileID: 0}
  m_PrefabAsset: {fileID: 0}
  m_GameObject: {fileID: 6328336113828315393}
  m_Enabled: 1
  m_EditorHideFlags: 0
  m_Script: {fileID: 11500000, guid: f4688fdb7df04437aeb418b961361dc5, type: 3}
  m_Name: 
  m_EditorClassIdentifier: 
  m_Material: {fileID: 0}
  m_Color: {r: 1, g: 1, b: 1, a: 1}
  m_RaycastTarget: 1
  m_RaycastPadding: {x: 0, y: 0, z: 0, w: 0}
  m_Maskable: 1
  m_OnCullStateChanged:
    m_PersistentCalls:
      m_Calls: []
  m_text: OKAY
  m_isRightToLeft: 0
  m_fontAsset: {fileID: 11400000, guid: 1976b8e7db3f7db4485cc5636829a0da, type: 2}
  m_sharedMaterial: {fileID: -6368416177241527751, guid: 1976b8e7db3f7db4485cc5636829a0da,
    type: 2}
  m_fontSharedMaterials: []
  m_fontMaterial: {fileID: 0}
  m_fontMaterials: []
  m_fontColor32:
    serializedVersion: 2
    rgba: 4294967295
  m_fontColor: {r: 1, g: 1, b: 1, a: 1}
  m_enableVertexGradient: 0
  m_colorMode: 2
  m_fontColorGradient:
    topLeft: {r: 0.5754717, g: 0.5754717, b: 0.5754717, a: 1}
    topRight: {r: 0.5754717, g: 0.5754717, b: 0.5754717, a: 1}
    bottomLeft: {r: 0.26415092, g: 0.26415092, b: 0.26415092, a: 1}
    bottomRight: {r: 0.26415092, g: 0.26415092, b: 0.26415092, a: 1}
  m_fontColorGradientPreset: {fileID: 0}
  m_spriteAsset: {fileID: 0}
  m_tintAllSprites: 0
  m_StyleSheet: {fileID: 0}
  m_TextStyleHashCode: -1183493901
  m_overrideHtmlColors: 0
  m_faceColor:
    serializedVersion: 2
    rgba: 4294967295
  m_fontSize: 88.5
  m_fontSizeBase: 88.5
  m_fontWeight: 400
  m_enableAutoSizing: 0
  m_fontSizeMin: 18
  m_fontSizeMax: 72
  m_fontStyle: 0
  m_HorizontalAlignment: 2
  m_VerticalAlignment: 256
  m_textAlignment: 65535
  m_characterSpacing: 0
  m_wordSpacing: 0
  m_lineSpacing: 0
  m_lineSpacingMax: 0
  m_paragraphSpacing: 0
  m_charWidthMaxAdj: 0
  m_TextWrappingMode: 1
  m_wordWrappingRatios: 0.4
  m_overflowMode: 0
  m_linkedTextComponent: {fileID: 0}
  parentLinkedComponent: {fileID: 0}
  m_enableKerning: 0
  m_ActiveFontFeatures: 6e72656b
  m_enableExtraPadding: 0
  checkPaddingRequired: 0
  m_isRichText: 1
  m_EmojiFallbackSupport: 1
  m_parseCtrlCharacters: 1
  m_isOrthographic: 1
  m_isCullingEnabled: 0
  m_horizontalMapping: 0
  m_verticalMapping: 0
  m_uvLineOffset: 0
  m_geometrySortingOrder: 0
  m_IsTextObjectScaleStatic: 0
  m_VertexBufferAutoSizeReduction: 0
  m_useMaxVisibleDescender: 1
  m_pageToDisplay: 1
  m_margin: {x: 0, y: 0, z: 0, w: 0}
  m_isUsingLegacyAnimationComponent: 0
  m_isVolumetricText: 0
  m_hasFontAssetChanged: 0
  m_baseMaterial: {fileID: 0}
  m_maskOffset: {x: 0, y: 0, z: 0, w: 0}
--- !u!1 &7850622934296945095
GameObject:
  m_ObjectHideFlags: 0
  m_CorrespondingSourceObject: {fileID: 0}
  m_PrefabInstance: {fileID: 0}
  m_PrefabAsset: {fileID: 0}
  serializedVersion: 6
  m_Component:
  - component: {fileID: 5100269901570326747}
  - component: {fileID: 697776641319082755}
  - component: {fileID: 9133154808801873276}
  m_Layer: 5
  m_Name: Good_text
  m_TagString: Untagged
  m_Icon: {fileID: 0}
  m_NavMeshLayer: 0
  m_StaticEditorFlags: 0
  m_IsActive: 0
--- !u!224 &5100269901570326747
RectTransform:
  m_ObjectHideFlags: 0
  m_CorrespondingSourceObject: {fileID: 0}
  m_PrefabInstance: {fileID: 0}
  m_PrefabAsset: {fileID: 0}
  m_GameObject: {fileID: 7850622934296945095}
  m_LocalRotation: {x: -0, y: -0, z: 0.0047826986, w: -0.99998856}
  m_LocalPosition: {x: 0, y: 0, z: 0}
  m_LocalScale: {x: 1, y: 1, z: 1}
  m_ConstrainProportionsScale: 0
  m_Children: []
  m_Father: {fileID: 1999462960093185838}
  m_LocalEulerAnglesHint: {x: 0, y: 0, z: 7.418}
  m_AnchorMin: {x: 0.085120805, y: 0.75146335}
  m_AnchorMax: {x: 0.28717083, y: 0.82556754}
  m_AnchoredPosition: {x: 127.5, y: -1.6}
  m_SizeDelta: {x: 183.74539, y: 45.80613}
  m_Pivot: {x: 0.5, y: 0.5}
--- !u!222 &697776641319082755
CanvasRenderer:
  m_ObjectHideFlags: 0
  m_CorrespondingSourceObject: {fileID: 0}
  m_PrefabInstance: {fileID: 0}
  m_PrefabAsset: {fileID: 0}
  m_GameObject: {fileID: 7850622934296945095}
  m_CullTransparentMesh: 1
--- !u!114 &9133154808801873276
MonoBehaviour:
  m_ObjectHideFlags: 0
  m_CorrespondingSourceObject: {fileID: 0}
  m_PrefabInstance: {fileID: 0}
  m_PrefabAsset: {fileID: 0}
  m_GameObject: {fileID: 7850622934296945095}
  m_Enabled: 1
  m_EditorHideFlags: 0
  m_Script: {fileID: 11500000, guid: f4688fdb7df04437aeb418b961361dc5, type: 3}
  m_Name: 
  m_EditorClassIdentifier: 
  m_Material: {fileID: 0}
  m_Color: {r: 1, g: 1, b: 1, a: 1}
  m_RaycastTarget: 1
  m_RaycastPadding: {x: 0, y: 0, z: 0, w: 0}
  m_Maskable: 1
  m_OnCullStateChanged:
    m_PersistentCalls:
      m_Calls: []
  m_text: GOOD
  m_isRightToLeft: 0
  m_fontAsset: {fileID: 11400000, guid: 1976b8e7db3f7db4485cc5636829a0da, type: 2}
  m_sharedMaterial: {fileID: -6368416177241527751, guid: 1976b8e7db3f7db4485cc5636829a0da,
    type: 2}
  m_fontSharedMaterials: []
  m_fontMaterial: {fileID: 0}
  m_fontMaterials: []
  m_fontColor32:
    serializedVersion: 2
    rgba: 4288675633
  m_fontColor: {r: 0.19339621, g: 1, b: 0.62261045, a: 1}
  m_enableVertexGradient: 0
  m_colorMode: 2
  m_fontColorGradient:
    topLeft: {r: 0, g: 1, b: 0.5069103, a: 1}
    topRight: {r: 0, g: 1, b: 0.5069103, a: 1}
    bottomLeft: {r: 0, g: 0.38256648, b: 0.4528302, a: 1}
    bottomRight: {r: 0, g: 0.38256648, b: 0.4528302, a: 1}
  m_fontColorGradientPreset: {fileID: 0}
  m_spriteAsset: {fileID: 0}
  m_tintAllSprites: 0
  m_StyleSheet: {fileID: 0}
  m_TextStyleHashCode: -1183493901
  m_overrideHtmlColors: 0
  m_faceColor:
    serializedVersion: 2
    rgba: 4294967295
  m_fontSize: 91.97
  m_fontSizeBase: 91.97
  m_fontWeight: 400
  m_enableAutoSizing: 0
  m_fontSizeMin: 18
  m_fontSizeMax: 72
  m_fontStyle: 0
  m_HorizontalAlignment: 2
  m_VerticalAlignment: 256
  m_textAlignment: 65535
  m_characterSpacing: 0
  m_wordSpacing: 0
  m_lineSpacing: 0
  m_lineSpacingMax: 0
  m_paragraphSpacing: 0
  m_charWidthMaxAdj: 0
  m_TextWrappingMode: 1
  m_wordWrappingRatios: 0.4
  m_overflowMode: 0
  m_linkedTextComponent: {fileID: 0}
  parentLinkedComponent: {fileID: 0}
  m_enableKerning: 0
  m_ActiveFontFeatures: 6e72656b
  m_enableExtraPadding: 0
  checkPaddingRequired: 0
  m_isRichText: 1
  m_EmojiFallbackSupport: 1
  m_parseCtrlCharacters: 1
  m_isOrthographic: 1
  m_isCullingEnabled: 0
  m_horizontalMapping: 0
  m_verticalMapping: 0
  m_uvLineOffset: 0
  m_geometrySortingOrder: 0
  m_IsTextObjectScaleStatic: 0
  m_VertexBufferAutoSizeReduction: 0
  m_useMaxVisibleDescender: 1
  m_pageToDisplay: 1
  m_margin: {x: 0, y: 0, z: 0, w: 0}
  m_isUsingLegacyAnimationComponent: 0
  m_isVolumetricText: 0
  m_hasFontAssetChanged: 0
  m_baseMaterial: {fileID: 0}
  m_maskOffset: {x: 0, y: 0, z: 0, w: 0}
--- !u!1 &8017211466307246966
GameObject:
  m_ObjectHideFlags: 0
  m_CorrespondingSourceObject: {fileID: 0}
  m_PrefabInstance: {fileID: 0}
  m_PrefabAsset: {fileID: 0}
  serializedVersion: 6
  m_Component:
  - component: {fileID: 2429902373893747471}
  - component: {fileID: 4877740362635059503}
  - component: {fileID: 5860575936296221485}
  - component: {fileID: 2657239203170737808}
  m_Layer: 5
  m_Name: Background
  m_TagString: Untagged
  m_Icon: {fileID: 0}
  m_NavMeshLayer: 0
  m_StaticEditorFlags: 0
  m_IsActive: 1
--- !u!224 &2429902373893747471
RectTransform:
  m_ObjectHideFlags: 0
  m_CorrespondingSourceObject: {fileID: 0}
  m_PrefabInstance: {fileID: 0}
  m_PrefabAsset: {fileID: 0}
  m_GameObject: {fileID: 8017211466307246966}
  m_LocalRotation: {x: 0, y: 0, z: 0, w: 1}
  m_LocalPosition: {x: 0, y: 0, z: 0}
  m_LocalScale: {x: 0.99116, y: 0.99116, z: 0.99116}
  m_ConstrainProportionsScale: 0
  m_Children: []
  m_Father: {fileID: 8771604316833406040}
  m_LocalEulerAnglesHint: {x: 0, y: 0, z: 0}
  m_AnchorMin: {x: 0, y: 0.25}
  m_AnchorMax: {x: 1, y: 0.75}
  m_AnchoredPosition: {x: 0, y: 0}
  m_SizeDelta: {x: 0, y: 0}
  m_Pivot: {x: 0.5, y: 0.5}
--- !u!222 &4877740362635059503
CanvasRenderer:
  m_ObjectHideFlags: 0
  m_CorrespondingSourceObject: {fileID: 0}
  m_PrefabInstance: {fileID: 0}
  m_PrefabAsset: {fileID: 0}
  m_GameObject: {fileID: 8017211466307246966}
  m_CullTransparentMesh: 1
--- !u!114 &5860575936296221485
MonoBehaviour:
  m_ObjectHideFlags: 0
  m_CorrespondingSourceObject: {fileID: 0}
  m_PrefabInstance: {fileID: 0}
  m_PrefabAsset: {fileID: 0}
  m_GameObject: {fileID: 8017211466307246966}
  m_Enabled: 1
  m_EditorHideFlags: 0
  m_Script: {fileID: 11500000, guid: fe87c0e1cc204ed48ad3b37840f39efc, type: 3}
  m_Name: 
  m_EditorClassIdentifier: 
  m_Material: {fileID: 0}
  m_Color: {r: 0.8018868, g: 0.8018868, b: 0.8018868, a: 1}
  m_RaycastTarget: 1
  m_RaycastPadding: {x: 0, y: 0, z: 0, w: 0}
  m_Maskable: 1
  m_OnCullStateChanged:
    m_PersistentCalls:
      m_Calls: []
  m_Sprite: {fileID: 21300000, guid: 7b8a5a1563394834e8437e50d59dde59, type: 3}
  m_Type: 1
  m_PreserveAspect: 0
  m_FillCenter: 1
  m_FillMethod: 4
  m_FillAmount: 1
  m_FillClockwise: 1
  m_FillOrigin: 0
  m_UseSpriteMesh: 0
  m_PixelsPerUnitMultiplier: 0.5
--- !u!114 &2657239203170737808
MonoBehaviour:
  m_ObjectHideFlags: 0
  m_CorrespondingSourceObject: {fileID: 0}
  m_PrefabInstance: {fileID: 0}
  m_PrefabAsset: {fileID: 0}
  m_GameObject: {fileID: 8017211466307246966}
  m_Enabled: 1
  m_EditorHideFlags: 0
  m_Script: {fileID: 11500000, guid: e68f7d540fbfa754e91fff56d9bd2af1, type: 3}
  m_Name: 
  m_EditorClassIdentifier: 
  blendMode: 1
  intensity: 1
  gradientType: 0
  linearColor1: {r: 1, g: 1, b: 1, a: 1}
  linearColor2: {r: 0.7264151, g: 0.7264151, b: 0.7264151, a: 1}
  cornerColorUpperLeft: {r: 1, g: 0, b: 0, a: 1}
  cornerColorUpperRight: {r: 1, g: 0.92156863, b: 0.015686275, a: 1}
  cornerColorLowerRight: {r: 0, g: 1, b: 0, a: 1}
  cornerColorLowerLeft: {r: 0, g: 0, b: 1, a: 1}
  linearGradient:
    serializedVersion: 2
    key0: {r: 0.5137255, g: 0.227451, b: 0.7058824, a: 1}
    key1: {r: 0.9921569, g: 0.1137255, b: 0.1137255, a: 1}
    key2: {r: 0.9882353, g: 0.6901961, b: 0.2705882, a: 0}
    key3: {r: 0, g: 0, b: 0, a: 0}
    key4: {r: 0, g: 0, b: 0, a: 0}
    key5: {r: 0, g: 0, b: 0, a: 0}
    key6: {r: 0, g: 0, b: 0, a: 0}
    key7: {r: 0, g: 0, b: 0, a: 0}
    ctime0: 0
    ctime1: 32768
    ctime2: 65535
    ctime3: 0
    ctime4: 0
    ctime5: 0
    ctime6: 0
    ctime7: 0
    atime0: 0
    atime1: 65535
    atime2: 0
    atime3: 0
    atime4: 0
    atime5: 0
    atime6: 0
    atime7: 0
    m_Mode: 0
    m_ColorSpace: -1
    m_NumColorKeys: 3
    m_NumAlphaKeys: 2
  angle: 90
--- !u!1 &8219058593396162881
GameObject:
  m_ObjectHideFlags: 0
  m_CorrespondingSourceObject: {fileID: 0}
  m_PrefabInstance: {fileID: 0}
  m_PrefabAsset: {fileID: 0}
  serializedVersion: 6
  m_Component:
  - component: {fileID: 2341888247276608301}
  m_Layer: 5
  m_Name: Fill Area
  m_TagString: Untagged
  m_Icon: {fileID: 0}
  m_NavMeshLayer: 0
  m_StaticEditorFlags: 0
  m_IsActive: 1
--- !u!224 &2341888247276608301
RectTransform:
  m_ObjectHideFlags: 0
  m_CorrespondingSourceObject: {fileID: 0}
  m_PrefabInstance: {fileID: 0}
  m_PrefabAsset: {fileID: 0}
  m_GameObject: {fileID: 8219058593396162881}
  m_LocalRotation: {x: 0, y: 0, z: 0, w: 1}
  m_LocalPosition: {x: 0, y: 0, z: 0}
  m_LocalScale: {x: 1, y: 1, z: 1}
  m_ConstrainProportionsScale: 0
  m_Children:
  - {fileID: 5799737518796991322}
  m_Father: {fileID: 8771604316833406040}
  m_LocalEulerAnglesHint: {x: 0, y: 0, z: 0}
  m_AnchorMin: {x: 0, y: 0.25}
  m_AnchorMax: {x: 1, y: 0.75}
  m_AnchoredPosition: {x: 0, y: 0}
  m_SizeDelta: {x: 0, y: 0}
  m_Pivot: {x: 0.5, y: 0.5}
--- !u!1 &8621644816325521915
GameObject:
  m_ObjectHideFlags: 0
  m_CorrespondingSourceObject: {fileID: 0}
  m_PrefabInstance: {fileID: 0}
  m_PrefabAsset: {fileID: 0}
  serializedVersion: 6
  m_Component:
  - component: {fileID: 5799737518796991322}
  - component: {fileID: 4639899303956803147}
  - component: {fileID: 6616911467295437168}
  - component: {fileID: 1081222338635689312}
  m_Layer: 5
  m_Name: Fill
  m_TagString: Untagged
  m_Icon: {fileID: 0}
  m_NavMeshLayer: 0
  m_StaticEditorFlags: 0
  m_IsActive: 1
--- !u!224 &5799737518796991322
RectTransform:
  m_ObjectHideFlags: 0
  m_CorrespondingSourceObject: {fileID: 0}
  m_PrefabInstance: {fileID: 0}
  m_PrefabAsset: {fileID: 0}
  m_GameObject: {fileID: 8621644816325521915}
  m_LocalRotation: {x: 0, y: 0, z: 0, w: 1}
  m_LocalPosition: {x: 0, y: 0, z: 0}
  m_LocalScale: {x: 1, y: 1, z: 1}
  m_ConstrainProportionsScale: 0
  m_Children: []
  m_Father: {fileID: 2341888247276608301}
  m_LocalEulerAnglesHint: {x: 0, y: 0, z: 0}
  m_AnchorMin: {x: 0, y: 0}
  m_AnchorMax: {x: 0, y: 0}
  m_AnchoredPosition: {x: 0, y: 0}
  m_SizeDelta: {x: -0.00048828, y: -0.000091553}
  m_Pivot: {x: 0.5, y: 0.5}
--- !u!222 &4639899303956803147
CanvasRenderer:
  m_ObjectHideFlags: 0
  m_CorrespondingSourceObject: {fileID: 0}
  m_PrefabInstance: {fileID: 0}
  m_PrefabAsset: {fileID: 0}
  m_GameObject: {fileID: 8621644816325521915}
  m_CullTransparentMesh: 1
--- !u!114 &6616911467295437168
MonoBehaviour:
  m_ObjectHideFlags: 0
  m_CorrespondingSourceObject: {fileID: 0}
  m_PrefabInstance: {fileID: 0}
  m_PrefabAsset: {fileID: 0}
  m_GameObject: {fileID: 8621644816325521915}
  m_Enabled: 1
  m_EditorHideFlags: 0
  m_Script: {fileID: 11500000, guid: fe87c0e1cc204ed48ad3b37840f39efc, type: 3}
  m_Name: 
  m_EditorClassIdentifier: 
  m_Material: {fileID: 0}
  m_Color: {r: 0.3207547, g: 0.19215022, b: 0.14070842, a: 1}
  m_RaycastTarget: 1
  m_RaycastPadding: {x: 0, y: 0, z: 0, w: 0}
  m_Maskable: 1
  m_OnCullStateChanged:
    m_PersistentCalls:
      m_Calls: []
  m_Sprite: {fileID: 21300000, guid: 7b8a5a1563394834e8437e50d59dde59, type: 3}
  m_Type: 1
  m_PreserveAspect: 0
  m_FillCenter: 1
  m_FillMethod: 4
  m_FillAmount: 1
  m_FillClockwise: 1
  m_FillOrigin: 0
  m_UseSpriteMesh: 0
  m_PixelsPerUnitMultiplier: 0.5
--- !u!114 &1081222338635689312
MonoBehaviour:
  m_ObjectHideFlags: 0
  m_CorrespondingSourceObject: {fileID: 0}
  m_PrefabInstance: {fileID: 0}
  m_PrefabAsset: {fileID: 0}
  m_GameObject: {fileID: 8621644816325521915}
  m_Enabled: 1
  m_EditorHideFlags: 0
  m_Script: {fileID: 11500000, guid: e68f7d540fbfa754e91fff56d9bd2af1, type: 3}
  m_Name: 
  m_EditorClassIdentifier: 
  blendMode: 0
  intensity: 1
  gradientType: 0
  linearColor1: {r: 0.3584906, g: 0.23592085, b: 0.1775543, a: 1}
  linearColor2: {r: 0.20754719, g: 0.111579806, b: 0.061676756, a: 1}
  cornerColorUpperLeft: {r: 1, g: 0, b: 0, a: 1}
  cornerColorUpperRight: {r: 1, g: 0.92156863, b: 0.015686275, a: 1}
  cornerColorLowerRight: {r: 0, g: 1, b: 0, a: 1}
  cornerColorLowerLeft: {r: 0, g: 0, b: 1, a: 1}
  linearGradient:
    serializedVersion: 2
    key0: {r: 0.5137255, g: 0.227451, b: 0.7058824, a: 1}
    key1: {r: 0.9921569, g: 0.1137255, b: 0.1137255, a: 1}
    key2: {r: 0.9882353, g: 0.6901961, b: 0.2705882, a: 0}
    key3: {r: 0, g: 0, b: 0, a: 0}
    key4: {r: 0, g: 0, b: 0, a: 0}
    key5: {r: 0, g: 0, b: 0, a: 0}
    key6: {r: 0, g: 0, b: 0, a: 0}
    key7: {r: 0, g: 0, b: 0, a: 0}
    ctime0: 0
    ctime1: 32768
    ctime2: 65535
    ctime3: 0
    ctime4: 0
    ctime5: 0
    ctime6: 0
    ctime7: 0
    atime0: 0
    atime1: 65535
    atime2: 0
    atime3: 0
    atime4: 0
    atime5: 0
    atime6: 0
    atime7: 0
    m_Mode: 0
    m_ColorSpace: -1
    m_NumColorKeys: 3
    m_NumAlphaKeys: 2
  angle: 90
--- !u!1 &8709417860309558690
GameObject:
  m_ObjectHideFlags: 0
  m_CorrespondingSourceObject: {fileID: 0}
  m_PrefabInstance: {fileID: 0}
  m_PrefabAsset: {fileID: 0}
  serializedVersion: 6
  m_Component:
  - component: {fileID: 3212052761057991459}
  - component: {fileID: 5076109497502816104}
  - component: {fileID: 4575914866117647107}
  - component: {fileID: 6652576858600681618}
  m_Layer: 5
  m_Name: UI Cut Corners
  m_TagString: Untagged
  m_Icon: {fileID: 0}
  m_NavMeshLayer: 0
  m_StaticEditorFlags: 0
  m_IsActive: 1
--- !u!224 &3212052761057991459
RectTransform:
  m_ObjectHideFlags: 0
  m_CorrespondingSourceObject: {fileID: 0}
  m_PrefabInstance: {fileID: 0}
  m_PrefabAsset: {fileID: 0}
  m_GameObject: {fileID: 8709417860309558690}
  m_LocalRotation: {x: -0, y: -0, z: -0.00036568524, w: -0.99999994}
  m_LocalPosition: {x: 0, y: 0, z: 0}
  m_LocalScale: {x: 1, y: 1, z: 1}
  m_ConstrainProportionsScale: 0
  m_Children:
  - {fileID: 7917545704765033680}
  - {fileID: 8791773001833759938}
  - {fileID: 63010880503261509}
  - {fileID: 8301382835980961370}
  m_Father: {fileID: 2134587228306643173}
  m_LocalEulerAnglesHint: {x: 0, y: 0, z: 0.042}
  m_AnchorMin: {x: 0.5, y: 0.5}
  m_AnchorMax: {x: 0.5, y: 0.5}
  m_AnchoredPosition: {x: -591.6, y: 259.64032}
  m_SizeDelta: {x: 331.2349, y: 88.608}
  m_Pivot: {x: 0.5, y: 0.5}
--- !u!222 &5076109497502816104
CanvasRenderer:
  m_ObjectHideFlags: 0
  m_CorrespondingSourceObject: {fileID: 0}
  m_PrefabInstance: {fileID: 0}
  m_PrefabAsset: {fileID: 0}
  m_GameObject: {fileID: 8709417860309558690}
  m_CullTransparentMesh: 1
--- !u!114 &4575914866117647107
MonoBehaviour:
  m_ObjectHideFlags: 0
  m_CorrespondingSourceObject: {fileID: 0}
  m_PrefabInstance: {fileID: 0}
  m_PrefabAsset: {fileID: 0}
  m_GameObject: {fileID: 8709417860309558690}
  m_Enabled: 1
  m_EditorHideFlags: 0
  m_Script: {fileID: 11500000, guid: 7a6e620ffa5a4e64b8875761130d0139, type: 3}
  m_Name: 
  m_EditorClassIdentifier: 
  m_Material: {fileID: 0}
  m_Color: {r: 0, g: 0, b: 0, a: 0.6745098}
  m_RaycastTarget: 0
  m_RaycastPadding: {x: 0, y: 0, z: 0, w: 0}
  m_Maskable: 0
  m_OnCullStateChanged:
    m_PersistentCalls:
      m_Calls: []
  m_Sprite: {fileID: 0}
  m_improveResolution: 0
  m_Resolution: 0
  m_useNativeSize: 0
  cornerSize: {x: 324, y: 50}
  m_cutUL: 1
  m_cutUR: 0
  m_cutLL: 0
  m_cutLR: 0
  m_makeColumns: 0
  m_useColorUp: 0
  m_colorUp:
    serializedVersion: 2
    rgba: 4280624639
  m_useColorDown: 0
  m_colorDown:
    serializedVersion: 2
    rgba: 4279900737
--- !u!114 &6652576858600681618
MonoBehaviour:
  m_ObjectHideFlags: 0
  m_CorrespondingSourceObject: {fileID: 0}
  m_PrefabInstance: {fileID: 0}
  m_PrefabAsset: {fileID: 0}
  m_GameObject: {fileID: 8709417860309558690}
  m_Enabled: 1
  m_EditorHideFlags: 0
  m_Script: {fileID: 11500000, guid: 31a19414c41e5ae4aae2af33fee712f6, type: 3}
  m_Name: 
  m_EditorClassIdentifier: 
  m_ShowMaskGraphic: 1
--- !u!1001 &4517886024297612668
PrefabInstance:
  m_ObjectHideFlags: 0
  serializedVersion: 2
  m_Modification:
    serializedVersion: 3
    m_TransformParent: {fileID: 0}
    m_Modifications:
    - target: {fileID: 331739129613808257, guid: 5ffbf3d318b0f4c488832acac95344ed,
        type: 3}
      propertyPath: m_AnchoredPosition.y
      value: 0.0000038146973
      objectReference: {fileID: 0}
    - target: {fileID: 1528583479939741113, guid: 5ffbf3d318b0f4c488832acac95344ed,
        type: 3}
      propertyPath: m_AnchorMax.x
      value: 0.28452083
      objectReference: {fileID: 0}
    - target: {fileID: 1528583479939741113, guid: 5ffbf3d318b0f4c488832acac95344ed,
        type: 3}
      propertyPath: m_AnchorMax.y
      value: 0.34500003
      objectReference: {fileID: 0}
    - target: {fileID: 1528583479939741113, guid: 5ffbf3d318b0f4c488832acac95344ed,
        type: 3}
      propertyPath: m_AnchorMin.x
      value: 0.22435416
      objectReference: {fileID: 0}
    - target: {fileID: 1528583479939741113, guid: 5ffbf3d318b0f4c488832acac95344ed,
        type: 3}
      propertyPath: m_SizeDelta.x
      value: -1.3651733
      objectReference: {fileID: 0}
    - target: {fileID: 1528583479939741113, guid: 5ffbf3d318b0f4c488832acac95344ed,
        type: 3}
      propertyPath: m_SizeDelta.y
      value: -3.6657
      objectReference: {fileID: 0}
    - target: {fileID: 1528583479939741113, guid: 5ffbf3d318b0f4c488832acac95344ed,
        type: 3}
      propertyPath: m_AnchoredPosition.x
      value: -0.5
      objectReference: {fileID: 0}
    - target: {fileID: 1528583479939741113, guid: 5ffbf3d318b0f4c488832acac95344ed,
        type: 3}
      propertyPath: m_AnchoredPosition.y
      value: -0.16711426
      objectReference: {fileID: 0}
    - target: {fileID: 2301917442896386738, guid: 5ffbf3d318b0f4c488832acac95344ed,
        type: 3}
      propertyPath: 'm_ActiveFontFeatures.Array.data[0]'
      value: 1801810542
      objectReference: {fileID: 0}
    - target: {fileID: 2534773015392787865, guid: 5ffbf3d318b0f4c488832acac95344ed,
        type: 3}
      propertyPath: m_Pivot.x
      value: 0
      objectReference: {fileID: 0}
    - target: {fileID: 2534773015392787865, guid: 5ffbf3d318b0f4c488832acac95344ed,
        type: 3}
      propertyPath: m_Pivot.y
      value: 0
      objectReference: {fileID: 0}
    - target: {fileID: 2534773015392787865, guid: 5ffbf3d318b0f4c488832acac95344ed,
        type: 3}
      propertyPath: m_AnchorMax.x
      value: 0
      objectReference: {fileID: 0}
    - target: {fileID: 2534773015392787865, guid: 5ffbf3d318b0f4c488832acac95344ed,
        type: 3}
      propertyPath: m_AnchorMax.y
      value: 0
      objectReference: {fileID: 0}
    - target: {fileID: 2534773015392787865, guid: 5ffbf3d318b0f4c488832acac95344ed,
        type: 3}
      propertyPath: m_AnchorMin.x
      value: 0
      objectReference: {fileID: 0}
    - target: {fileID: 2534773015392787865, guid: 5ffbf3d318b0f4c488832acac95344ed,
        type: 3}
      propertyPath: m_AnchorMin.y
      value: 0
      objectReference: {fileID: 0}
    - target: {fileID: 2534773015392787865, guid: 5ffbf3d318b0f4c488832acac95344ed,
        type: 3}
      propertyPath: m_SizeDelta.x
      value: 0
      objectReference: {fileID: 0}
    - target: {fileID: 2534773015392787865, guid: 5ffbf3d318b0f4c488832acac95344ed,
        type: 3}
      propertyPath: m_SizeDelta.y
      value: 0
      objectReference: {fileID: 0}
    - target: {fileID: 2534773015392787865, guid: 5ffbf3d318b0f4c488832acac95344ed,
        type: 3}
      propertyPath: m_LocalPosition.x
      value: 0
      objectReference: {fileID: 0}
    - target: {fileID: 2534773015392787865, guid: 5ffbf3d318b0f4c488832acac95344ed,
        type: 3}
      propertyPath: m_LocalPosition.y
      value: 0
      objectReference: {fileID: 0}
    - target: {fileID: 2534773015392787865, guid: 5ffbf3d318b0f4c488832acac95344ed,
        type: 3}
      propertyPath: m_LocalPosition.z
      value: 0
      objectReference: {fileID: 0}
    - target: {fileID: 2534773015392787865, guid: 5ffbf3d318b0f4c488832acac95344ed,
        type: 3}
      propertyPath: m_LocalRotation.w
      value: 1
      objectReference: {fileID: 0}
    - target: {fileID: 2534773015392787865, guid: 5ffbf3d318b0f4c488832acac95344ed,
        type: 3}
      propertyPath: m_LocalRotation.x
      value: 0
      objectReference: {fileID: 0}
    - target: {fileID: 2534773015392787865, guid: 5ffbf3d318b0f4c488832acac95344ed,
        type: 3}
      propertyPath: m_LocalRotation.y
      value: 0
      objectReference: {fileID: 0}
    - target: {fileID: 2534773015392787865, guid: 5ffbf3d318b0f4c488832acac95344ed,
        type: 3}
      propertyPath: m_LocalRotation.z
      value: 0
      objectReference: {fileID: 0}
    - target: {fileID: 2534773015392787865, guid: 5ffbf3d318b0f4c488832acac95344ed,
        type: 3}
      propertyPath: m_AnchoredPosition.x
      value: 0
      objectReference: {fileID: 0}
    - target: {fileID: 2534773015392787865, guid: 5ffbf3d318b0f4c488832acac95344ed,
        type: 3}
      propertyPath: m_AnchoredPosition.y
      value: 0
      objectReference: {fileID: 0}
    - target: {fileID: 2534773015392787865, guid: 5ffbf3d318b0f4c488832acac95344ed,
        type: 3}
      propertyPath: m_LocalEulerAnglesHint.x
      value: 0
      objectReference: {fileID: 0}
    - target: {fileID: 2534773015392787865, guid: 5ffbf3d318b0f4c488832acac95344ed,
        type: 3}
      propertyPath: m_LocalEulerAnglesHint.y
      value: 0
      objectReference: {fileID: 0}
    - target: {fileID: 2534773015392787865, guid: 5ffbf3d318b0f4c488832acac95344ed,
        type: 3}
      propertyPath: m_LocalEulerAnglesHint.z
      value: 0
      objectReference: {fileID: 0}
    - target: {fileID: 2936112404398622547, guid: 5ffbf3d318b0f4c488832acac95344ed,
        type: 3}
      propertyPath: m_Alpha
      value: 0
      objectReference: {fileID: 0}
    - target: {fileID: 2936112404398622547, guid: 5ffbf3d318b0f4c488832acac95344ed,
        type: 3}
      propertyPath: m_Interactable
      value: 0
      objectReference: {fileID: 0}
    - target: {fileID: 2936112404398622547, guid: 5ffbf3d318b0f4c488832acac95344ed,
        type: 3}
      propertyPath: m_BlocksRaycasts
      value: 0
      objectReference: {fileID: 0}
    - target: {fileID: 7217328063763940496, guid: 5ffbf3d318b0f4c488832acac95344ed,
        type: 3}
      propertyPath: m_Name
      value: Canvas_Gameplay_Mechanic_Variant_Knocking
      objectReference: {fileID: 0}
    - target: {fileID: 7217328063763940496, guid: 5ffbf3d318b0f4c488832acac95344ed,
        type: 3}
      propertyPath: m_IsActive
      value: 1
      objectReference: {fileID: 0}
    - target: {fileID: 7871788198307015674, guid: 5ffbf3d318b0f4c488832acac95344ed,
        type: 3}
      propertyPath: m_UiScaleMode
      value: 1
      objectReference: {fileID: 0}
    - target: {fileID: 7871788198307015674, guid: 5ffbf3d318b0f4c488832acac95344ed,
        type: 3}
      propertyPath: m_ReferenceResolution.x
      value: 1920
      objectReference: {fileID: 0}
    - target: {fileID: 7931892749464266789, guid: 5ffbf3d318b0f4c488832acac95344ed,
        type: 3}
      propertyPath: m_BlockingMask.m_Bits
      value: 8119
      objectReference: {fileID: 0}
    m_RemovedComponents:
    - {fileID: 7931892749464266789, guid: 5ffbf3d318b0f4c488832acac95344ed, type: 3}
    m_RemovedGameObjects:
    - {fileID: 5550096508158534166, guid: 5ffbf3d318b0f4c488832acac95344ed, type: 3}
    - {fileID: 567303378511406836, guid: 5ffbf3d318b0f4c488832acac95344ed, type: 3}
    m_AddedGameObjects:
    - targetCorrespondingSourceObject: {fileID: 2534773015392787865, guid: 5ffbf3d318b0f4c488832acac95344ed,
        type: 3}
      insertIndex: -1
      addedObject: {fileID: 8771604316833406040}
    - targetCorrespondingSourceObject: {fileID: 2534773015392787865, guid: 5ffbf3d318b0f4c488832acac95344ed,
        type: 3}
      insertIndex: -1
      addedObject: {fileID: 3212052761057991459}
    - targetCorrespondingSourceObject: {fileID: 2534773015392787865, guid: 5ffbf3d318b0f4c488832acac95344ed,
        type: 3}
      insertIndex: -1
      addedObject: {fileID: 8477975107809759560}
    - targetCorrespondingSourceObject: {fileID: 2534773015392787865, guid: 5ffbf3d318b0f4c488832acac95344ed,
        type: 3}
      insertIndex: -1
      addedObject: {fileID: 1999462960093185838}
    m_AddedComponents:
    - targetCorrespondingSourceObject: {fileID: 7217328063763940496, guid: 5ffbf3d318b0f4c488832acac95344ed,
        type: 3}
      insertIndex: -1
      addedObject: {fileID: 1914003850906826073}
  m_SourcePrefab: {fileID: 100100000, guid: 5ffbf3d318b0f4c488832acac95344ed, type: 3}
--- !u!225 &1589185496502387247 stripped
CanvasGroup:
  m_CorrespondingSourceObject: {fileID: 2936112404398622547, guid: 5ffbf3d318b0f4c488832acac95344ed,
    type: 3}
  m_PrefabInstance: {fileID: 4517886024297612668}
  m_PrefabAsset: {fileID: 0}
--- !u!224 &2134587228306643173 stripped
RectTransform:
  m_CorrespondingSourceObject: {fileID: 2534773015392787865, guid: 5ffbf3d318b0f4c488832acac95344ed,
    type: 3}
  m_PrefabInstance: {fileID: 4517886024297612668}
  m_PrefabAsset: {fileID: 0}
--- !u!1 &6529050423040246252 stripped
GameObject:
  m_CorrespondingSourceObject: {fileID: 7217328063763940496, guid: 5ffbf3d318b0f4c488832acac95344ed,
    type: 3}
  m_PrefabInstance: {fileID: 4517886024297612668}
  m_PrefabAsset: {fileID: 0}
--- !u!114 &1914003850906826073
MonoBehaviour:
  m_ObjectHideFlags: 0
  m_CorrespondingSourceObject: {fileID: 0}
  m_PrefabInstance: {fileID: 0}
  m_PrefabAsset: {fileID: 0}
  m_GameObject: {fileID: 6529050423040246252}
  m_Enabled: 1
  m_EditorHideFlags: 0
  m_Script: {fileID: 11500000, guid: 65bce26883c07ea45a42491236cbe7df, type: 3}
  m_Name: 
  m_EditorClassIdentifier: 
  _canvasGroup: {fileID: 1589185496502387247}
  _controller: {fileID: 0}
  _slider: {fileID: 5061106170407377670}
  _chargedText: {fileID: 3171876779912155513}
  _chargingSlider: {fileID: 469773949109955137}
  _tweenText: {fileID: 1999462960093185838}
  _perfectText: {fileID: 1230476956723826563}
  _goodText: {fileID: 7850622934296945095}
  _okayText: {fileID: 6328336113828315393}
