%YAML 1.1
%TAG !u! tag:unity3d.com,2011:
--- !u!1 &4377756414683314327
GameObject:
  m_ObjectHideFlags: 0
  m_CorrespondingSourceObject: {fileID: 0}
  m_PrefabInstance: {fileID: 0}
  m_PrefabAsset: {fileID: 0}
  serializedVersion: 6
  m_Component:
  - component: {fileID: 4002357493376393773}
  - component: {fileID: 10381013647469960}
  - component: {fileID: 2864313775548094786}
  - component: {fileID: 4732661635236926127}
  - component: {fileID: 8782322212477056320}
  - component: {fileID: 3341925332682926059}
  - component: {fileID: 3566192688478553985}
  m_Layer: 0
  m_Name: Cupping_Bowl
  m_TagString: Untagged
  m_Icon: {fileID: 0}
  m_NavMeshLayer: 0
  m_StaticEditorFlags: 0
  m_IsActive: 1
--- !u!4 &4002357493376393773
Transform:
  m_ObjectHideFlags: 0
  m_CorrespondingSourceObject: {fileID: 0}
  m_PrefabInstance: {fileID: 0}
  m_PrefabAsset: {fileID: 0}
  m_GameObject: {fileID: 4377756414683314327}
  serializedVersion: 2
  m_LocalRotation: {x: -0.000000021855696, y: -0.00000004371139, z: 0.00000004371139,
    w: 1}
  m_LocalPosition: {x: -2.7810934, y: 0.85043335, z: 2.1426268}
  m_LocalScale: {x: 1, y: 1, z: 1}
  m_ConstrainProportionsScale: 0
  m_Children:
  - {fileID: 676549999094275895}
  m_Father: {fileID: 0}
  m_LocalEulerAnglesHint: {x: 0, y: 0, z: 0}
--- !u!33 &10381013647469960
MeshFilter:
  m_ObjectHideFlags: 0
  m_CorrespondingSourceObject: {fileID: 0}
  m_PrefabInstance: {fileID: 0}
  m_PrefabAsset: {fileID: 0}
  m_GameObject: {fileID: 4377756414683314327}
  m_Mesh: {fileID: 7986654020134920054, guid: 10c8ab5a62a48644b9f33707edfa6e95, type: 3}
--- !u!23 &2864313775548094786
MeshRenderer:
  m_ObjectHideFlags: 0
  m_CorrespondingSourceObject: {fileID: 0}
  m_PrefabInstance: {fileID: 0}
  m_PrefabAsset: {fileID: 0}
  m_GameObject: {fileID: 4377756414683314327}
  m_Enabled: 1
  m_CastShadows: 1
  m_ReceiveShadows: 1
  m_DynamicOccludee: 1
  m_StaticShadowCaster: 0
  m_MotionVectors: 1
  m_LightProbeUsage: 1
  m_ReflectionProbeUsage: 1
  m_RayTracingMode: 2
  m_RayTraceProcedural: 0
  m_RayTracingAccelStructBuildFlagsOverride: 0
  m_RayTracingAccelStructBuildFlags: 1
  m_SmallMeshCulling: 1
  m_RenderingLayerMask: 1
  m_RendererPriority: 0
  m_Materials:
  - {fileID: 2100000, guid: 2a512ecdcf894024a8d1fa004cc21ebc, type: 2}
  m_StaticBatchInfo:
    firstSubMesh: 0
    subMeshCount: 0
  m_StaticBatchRoot: {fileID: 0}
  m_ProbeAnchor: {fileID: 0}
  m_LightProbeVolumeOverride: {fileID: 0}
  m_ScaleInLightmap: 1
  m_ReceiveGI: 1
  m_PreserveUVs: 0
  m_IgnoreNormalsForChartDetection: 0
  m_ImportantGI: 0
  m_StitchLightmapSeams: 1
  m_SelectedEditorRenderState: 3
  m_MinimumChartSize: 4
  m_AutoUVMaxDistance: 0.5
  m_AutoUVMaxAngle: 89
  m_LightmapParameters: {fileID: 0}
  m_SortingLayerID: 0
  m_SortingLayer: 0
  m_SortingOrder: 0
  m_AdditionalVertexStreams: {fileID: 0}
--- !u!64 &4732661635236926127
MeshCollider:
  m_ObjectHideFlags: 0
  m_CorrespondingSourceObject: {fileID: 0}
  m_PrefabInstance: {fileID: 0}
  m_PrefabAsset: {fileID: 0}
  m_GameObject: {fileID: 4377756414683314327}
  m_Material: {fileID: 0}
  m_IncludeLayers:
    serializedVersion: 2
    m_Bits: 0
  m_ExcludeLayers:
    serializedVersion: 2
    m_Bits: 0
  m_LayerOverridePriority: 0
  m_IsTrigger: 0
  m_ProvidesContacts: 0
  m_Enabled: 1
  serializedVersion: 5
  m_Convex: 1
  m_CookingOptions: 30
  m_Mesh: {fileID: 7986654020134920054, guid: 10c8ab5a62a48644b9f33707edfa6e95, type: 3}
--- !u!54 &8782322212477056320
Rigidbody:
  m_ObjectHideFlags: 0
  m_CorrespondingSourceObject: {fileID: 0}
  m_PrefabInstance: {fileID: 0}
  m_PrefabAsset: {fileID: 0}
  m_GameObject: {fileID: 4377756414683314327}
  serializedVersion: 4
  m_Mass: 1
  m_Drag: 0
  m_AngularDrag: 0.05
  m_CenterOfMass: {x: 0, y: 0, z: 0}
  m_InertiaTensor: {x: 1, y: 1, z: 1}
  m_InertiaRotation: {x: 0, y: 0, z: 0, w: 1}
  m_IncludeLayers:
    serializedVersion: 2
    m_Bits: 0
  m_ExcludeLayers:
    serializedVersion: 2
    m_Bits: 0
  m_ImplicitCom: 1
  m_ImplicitTensor: 1
  m_UseGravity: 1
  m_IsKinematic: 1
  m_Interpolate: 0
  m_Constraints: 0
  m_CollisionDetection: 0
--- !u!114 &3341925332682926059
MonoBehaviour:
  m_ObjectHideFlags: 0
  m_CorrespondingSourceObject: {fileID: 0}
  m_PrefabInstance: {fileID: 0}
  m_PrefabAsset: {fileID: 0}
  m_GameObject: {fileID: 4377756414683314327}
  m_Enabled: 1
  m_EditorHideFlags: 0
  m_Script: {fileID: 11500000, guid: 888380afc233049ce9e618f9f36c8ba8, type: 3}
  m_Name: 
  m_EditorClassIdentifier: 
  profile: {fileID: 11400000, guid: 5e5a19d8f8f88a441a7a30a46b9e32af, type: 2}
  profileSync: 1
  previewInEditor: 1
  camerasLayerMask:
    serializedVersion: 2
    m_Bits: 4294967295
  effectGroup: 0
  effectGroupLayer:
    serializedVersion: 2
    m_Bits: 4294967295
  effectNameFilter: 
  combineMeshes: 0
  alphaCutOff: 0
  cullBackFaces: 1
  ignoreObjectVisibility: 0
  reflectionProbes: 0
  GPUInstancing: 1
  depthClip: 0
  cameraDistanceFade: 0
  cameraDistanceFadeNear: 0
  cameraDistanceFadeFar: 1000
  normalsOption: 0
  ignore: 0
  _highlighted: 0
  fadeInDuration: 0.1
  fadeOutDuration: 0.2
  flipY: 0
  constantWidth: 1
  subMeshMask: -1
  overlay: 0.023
  overlayMode: 0
  overlayColor: {r: 1.4980391, g: 1.4980391, b: 1.4980391, a: 1}
  overlayAnimationSpeed: 0.5
  overlayMinIntensity: 0.832
  overlayBlending: 0
  overlayTexture: {fileID: 0}
  overlayTextureScale: 1
  outline: 1
  outlineColor: {r: 0.9339623, g: 0.9339623, b: 0.9339623, a: 1}
  outlineColorStyle: 0
  outlineGradient:
    serializedVersion: 2
    key0: {r: 1, g: 1, b: 1, a: 1}
    key1: {r: 1, g: 1, b: 1, a: 1}
    key2: {r: 0, g: 0, b: 0, a: 0}
    key3: {r: 0, g: 0, b: 0, a: 0}
    key4: {r: 0, g: 0, b: 0, a: 0}
    key5: {r: 0, g: 0, b: 0, a: 0}
    key6: {r: 0, g: 0, b: 0, a: 0}
    key7: {r: 0, g: 0, b: 0, a: 0}
    ctime0: 0
    ctime1: 65535
    ctime2: 0
    ctime3: 0
    ctime4: 0
    ctime5: 0
    ctime6: 0
    ctime7: 0
    atime0: 0
    atime1: 65535
    atime2: 0
    atime3: 0
    atime4: 0
    atime5: 0
    atime6: 0
    atime7: 0
    m_Mode: 0
    m_ColorSpace: -1
    m_NumColorKeys: 2
    m_NumAlphaKeys: 2
  outlineGradientInLocalSpace: 0
  outlineWidth: 0.45
  outlineQuality: 1
  outlineDownsampling: 2
  outlineVisibility: 0
  glowBlendMode: 0
  outlineBlitDebug: 0
  outlineIndependent: 0
  glow: 0
  glowWidth: 0.14
  glowQuality: 1
  glowDownsampling: 2
  glowHQColor: {r: 0.64, g: 1, b: 0, a: 1}
  glowDithering: 1
  glowMagicNumber1: 1.53
  glowMagicNumber2: 0.67
  glowAnimationSpeed: 1
  glowVisibility: 0
  glowBlitDebug: 0
  glowBlendPasses: 1
  glowPasses:
  - offset: 1
    alpha: 2
    color: {r: 1, g: 0.40117237, b: 0, a: 1}
  glowIgnoreMask: 0
  innerGlow: 0
  innerGlowWidth: 1
  innerGlowColor: {r: 1, g: 1, b: 1, a: 1}
  innerGlowVisibility: 0
  targetFX: 0
  targetFXTexture: {fileID: 2800000, guid: 1de3c566a6c8c405b9f6f453137273ec, type: 3}
  targetFXColor: {r: 1, g: 1, b: 1, a: 1}
  targetFXCenter: {fileID: 0}
  targetFXRotationSpeed: 50
  targetFXInitialScale: 4
  targetFXEndScale: 1.5
  targetFXScaleToRenderBounds: 0
  targetFXAlignToGround: 0
  targetFXFadePower: 32
  targetFXGroundMaxDistance: 15
  targetFXGroundLayerMask:
    serializedVersion: 2
    m_Bits: 4294967295
  targetFXTransitionDuration: 0.5
  targetFXStayDuration: 1.5
  targetFXVisibility: 1
  seeThrough: 2
  seeThroughOccluderMask:
    serializedVersion: 2
    m_Bits: 4294967295
  seeThroughOccluderThreshold: 0.4
  seeThroughOccluderMaskAccurate: 0
  seeThroughOccluderCheckInterval: 1
  seeThroughOccluderCheckIndividualObjects: 0
  seeThroughDepthOffset: 0
  seeThroughMaxDepth: 0
  seeThroughIntensity: 0.8
  seeThroughTintAlpha: 0.5
  seeThroughTintColor: {r: 1, g: 0, b: 0, a: 1}
  seeThroughNoise: 1
  seeThroughBorder: 0
  seeThroughBorderColor: {r: 0, g: 0, b: 0, a: 1}
  seeThroughBorderOnly: 0
  seeThroughBorderWidth: 0.45
  seeThroughOrdered: 0
  rmsCount: 2
  hitFxInitialIntensity: 0
  hitFxMode: 0
  hitFxFadeOutDuration: 0.25
  hitFxColor: {r: 1, g: 1, b: 1, a: 1}
  hitFxRadius: 0.5
--- !u!114 &3566192688478553985
MonoBehaviour:
  m_ObjectHideFlags: 0
  m_CorrespondingSourceObject: {fileID: 0}
  m_PrefabInstance: {fileID: 0}
  m_PrefabAsset: {fileID: 0}
  m_GameObject: {fileID: 4377756414683314327}
  m_Enabled: 1
  m_EditorHideFlags: 0
  m_Script: {fileID: 11500000, guid: d289159ef01b8904eadf75fb22118cd6, type: 3}
  m_Name: 
  m_EditorClassIdentifier: 
  _isWorldSerializable: 1
  _ignoreFromInteraction: 0
  _objectStateEventController: {fileID: 0}
  _screenWidthPercentageUIOffset: 0
  _screenHeightPercentageUIOffset: 0
  _interactionDirection: -1
  _interactionActions:
  - {fileID: 11400000, guid: d2f8094009d9d9c48bf91cf61560bd90, type: 2}
  - {fileID: 11400000, guid: 5796b13a1a188514991810e37cf6f508, type: 2}
  _interactionsConfig: {fileID: 11400000, guid: 984d2d0b1b82e5945b5b50a5509a63bd,
    type: 2}
  _interactableIcon: {fileID: 0}
  _interactableName: Cupping Bowl
  <InteractionSocket>k__BackingField: {fileID: 0}
  _throwingCurve:
    serializedVersion: 2
    m_Curve:
    - serializedVersion: 3
      time: 0
      value: 0
      inSlope: 0
      outSlope: 0
      tangentMode: 0
      weightedMode: 0
      inWeight: 0.33333334
      outWeight: 0.33333334
    - serializedVersion: 3
      time: 1
      value: 1
      inSlope: 2
      outSlope: 2
      tangentMode: 0
      weightedMode: 0
      inWeight: 0.33333334
      outWeight: 0.33333334
    m_PreInfinity: 2
    m_PostInfinity: 2
    m_RotationOrder: 4
  _ikHandle: {fileID: 0}
  <CanThrow>k__BackingField: 1
  <CanTrash>k__BackingField: 0
  <CanPlaceOnContainable>k__BackingField: 1
  _coffeeLiquidMeshRenderer: {fileID: 2421500389464862992}
--- !u!1 &8154588142633094109
GameObject:
  m_ObjectHideFlags: 0
  m_CorrespondingSourceObject: {fileID: 0}
  m_PrefabInstance: {fileID: 0}
  m_PrefabAsset: {fileID: 0}
  serializedVersion: 6
  m_Component:
  - component: {fileID: 676549999094275895}
  - component: {fileID: 5831294888586758107}
  - component: {fileID: 2421500389464862992}
  - component: {fileID: 4716696984398555032}
  m_Layer: 0
  m_Name: Liquid_Mesh
  m_TagString: Untagged
  m_Icon: {fileID: 0}
  m_NavMeshLayer: 0
  m_StaticEditorFlags: 0
  m_IsActive: 1
--- !u!4 &676549999094275895
Transform:
  m_ObjectHideFlags: 0
  m_CorrespondingSourceObject: {fileID: 0}
  m_PrefabInstance: {fileID: 0}
  m_PrefabAsset: {fileID: 0}
  m_GameObject: {fileID: 8154588142633094109}
  serializedVersion: 2
  m_LocalRotation: {x: 0.00000004371139, y: 1.6420282e-15, z: -7.177533e-23, w: 1}
  m_LocalPosition: {x: 0.000000024447552, y: 0.091425225, z: -0.000000019073486}
  m_LocalScale: {x: 1, y: 1, z: 1}
  m_ConstrainProportionsScale: 0
  m_Children: []
  m_Father: {fileID: 4002357493376393773}
  m_LocalEulerAnglesHint: {x: 0, y: 0, z: 0}
--- !u!33 &5831294888586758107
MeshFilter:
  m_ObjectHideFlags: 0
  m_CorrespondingSourceObject: {fileID: 0}
  m_PrefabInstance: {fileID: 0}
  m_PrefabAsset: {fileID: 0}
  m_GameObject: {fileID: 8154588142633094109}
  m_Mesh: {fileID: -402411391490674034, guid: 10c8ab5a62a48644b9f33707edfa6e95, type: 3}
--- !u!23 &2421500389464862992
MeshRenderer:
  m_ObjectHideFlags: 0
  m_CorrespondingSourceObject: {fileID: 0}
  m_PrefabInstance: {fileID: 0}
  m_PrefabAsset: {fileID: 0}
  m_GameObject: {fileID: 8154588142633094109}
  m_Enabled: 1
  m_CastShadows: 1
  m_ReceiveShadows: 1
  m_DynamicOccludee: 1
  m_StaticShadowCaster: 0
  m_MotionVectors: 1
  m_LightProbeUsage: 1
  m_ReflectionProbeUsage: 1
  m_RayTracingMode: 2
  m_RayTraceProcedural: 0
  m_RayTracingAccelStructBuildFlagsOverride: 0
  m_RayTracingAccelStructBuildFlags: 1
  m_SmallMeshCulling: 1
  m_RenderingLayerMask: 1
  m_RendererPriority: 0
  m_Materials:
  - {fileID: 2100000, guid: aa1ef5ef03032c3428fd498c8f6907fd, type: 2}
  m_StaticBatchInfo:
    firstSubMesh: 0
    subMeshCount: 0
  m_StaticBatchRoot: {fileID: 0}
  m_ProbeAnchor: {fileID: 0}
  m_LightProbeVolumeOverride: {fileID: 0}
  m_ScaleInLightmap: 1
  m_ReceiveGI: 1
  m_PreserveUVs: 0
  m_IgnoreNormalsForChartDetection: 0
  m_ImportantGI: 0
  m_StitchLightmapSeams: 1
  m_SelectedEditorRenderState: 3
  m_MinimumChartSize: 4
  m_AutoUVMaxDistance: 0.5
  m_AutoUVMaxAngle: 89
  m_LightmapParameters: {fileID: 0}
  m_SortingLayerID: 0
  m_SortingLayer: 0
  m_SortingOrder: 0
  m_AdditionalVertexStreams: {fileID: 0}
--- !u!114 &4716696984398555032
MonoBehaviour:
  m_ObjectHideFlags: 0
  m_CorrespondingSourceObject: {fileID: 0}
  m_PrefabInstance: {fileID: 0}
  m_PrefabAsset: {fileID: 0}
  m_GameObject: {fileID: 8154588142633094109}
  m_Enabled: 1
  m_EditorHideFlags: 0
  m_Script: {fileID: 11500000, guid: 91e25e737d4194d449e1c4b638a73e92, type: 3}
  m_Name: 
  m_EditorClassIdentifier: 
