%YAML 1.1
%TAG !u! tag:unity3d.com,2011:
--- !u!1001 &6023727195523544107
PrefabInstance:
  m_ObjectHideFlags: 0
  serializedVersion: 2
  m_Modification:
    serializedVersion: 3
    m_TransformParent: {fileID: 0}
    m_Modifications:
    - target: {fileID: -8679921383154817045, guid: c3a7af38ace248c43a5ebbe68d9edaab,
        type: 3}
      propertyPath: m_LocalPosition.x
      value: -0
      objectReference: {fileID: 0}
    - target: {fileID: -8679921383154817045, guid: c3a7af38ace248c43a5ebbe68d9edaab,
        type: 3}
      propertyPath: m_LocalPosition.y
      value: 0
      objectReference: {fileID: 0}
    - target: {fileID: -8679921383154817045, guid: c3a7af38ace248c43a5ebbe68d9edaab,
        type: 3}
      propertyPath: m_LocalPosition.z
      value: 0
      objectReference: {fileID: 0}
    - target: {fileID: -8679921383154817045, guid: c3a7af38ace248c43a5ebbe68d9edaab,
        type: 3}
      propertyPath: m_LocalRotation.w
      value: 1
      objectReference: {fileID: 0}
    - target: {fileID: -8679921383154817045, guid: c3a7af38ace248c43a5ebbe68d9edaab,
        type: 3}
      propertyPath: m_LocalRotation.x
      value: 0
      objectReference: {fileID: 0}
    - target: {fileID: -8679921383154817045, guid: c3a7af38ace248c43a5ebbe68d9edaab,
        type: 3}
      propertyPath: m_LocalRotation.y
      value: 0
      objectReference: {fileID: 0}
    - target: {fileID: -8679921383154817045, guid: c3a7af38ace248c43a5ebbe68d9edaab,
        type: 3}
      propertyPath: m_LocalRotation.z
      value: 0
      objectReference: {fileID: 0}
    - target: {fileID: -8679921383154817045, guid: c3a7af38ace248c43a5ebbe68d9edaab,
        type: 3}
      propertyPath: m_LocalEulerAnglesHint.x
      value: 0
      objectReference: {fileID: 0}
    - target: {fileID: -8679921383154817045, guid: c3a7af38ace248c43a5ebbe68d9edaab,
        type: 3}
      propertyPath: m_LocalEulerAnglesHint.y
      value: 0
      objectReference: {fileID: 0}
    - target: {fileID: -8679921383154817045, guid: c3a7af38ace248c43a5ebbe68d9edaab,
        type: 3}
      propertyPath: m_LocalEulerAnglesHint.z
      value: 0
      objectReference: {fileID: 0}
    - target: {fileID: -7511558181221131132, guid: c3a7af38ace248c43a5ebbe68d9edaab,
        type: 3}
      propertyPath: 'm_Materials.Array.data[0]'
      value: 
      objectReference: {fileID: 2100000, guid: 0ef2d27a8c9409648a4ff62996855846, type: 2}
    - target: {fileID: -1405706370505957841, guid: c3a7af38ace248c43a5ebbe68d9edaab,
        type: 3}
      propertyPath: 'm_Materials.Array.data[0]'
      value: 
      objectReference: {fileID: 2100000, guid: 850cc206e43245a46b8ae1c5322e48c2, type: 2}
    - target: {fileID: 919132149155446097, guid: c3a7af38ace248c43a5ebbe68d9edaab,
        type: 3}
      propertyPath: m_Name
      value: Grounds Container
      objectReference: {fileID: 0}
    m_RemovedComponents: []
    m_RemovedGameObjects: []
    m_AddedGameObjects: []
    m_AddedComponents:
    - targetCorrespondingSourceObject: {fileID: 919132149155446097, guid: c3a7af38ace248c43a5ebbe68d9edaab,
        type: 3}
      insertIndex: -1
      addedObject: {fileID: 1503699413552006373}
    - targetCorrespondingSourceObject: {fileID: 919132149155446097, guid: c3a7af38ace248c43a5ebbe68d9edaab,
        type: 3}
      insertIndex: -1
      addedObject: {fileID: 5605076492789886088}
    - targetCorrespondingSourceObject: {fileID: 919132149155446097, guid: c3a7af38ace248c43a5ebbe68d9edaab,
        type: 3}
      insertIndex: -1
      addedObject: {fileID: 7974837397973761344}
    - targetCorrespondingSourceObject: {fileID: 919132149155446097, guid: c3a7af38ace248c43a5ebbe68d9edaab,
        type: 3}
      insertIndex: -1
      addedObject: {fileID: 2046296246447052766}
    - targetCorrespondingSourceObject: {fileID: 919132149155446097, guid: c3a7af38ace248c43a5ebbe68d9edaab,
        type: 3}
      insertIndex: -1
      addedObject: {fileID: -8620957088986789635}
  m_SourcePrefab: {fileID: 100100000, guid: c3a7af38ace248c43a5ebbe68d9edaab, type: 3}
--- !u!1 &6870797763836594554 stripped
GameObject:
  m_CorrespondingSourceObject: {fileID: 919132149155446097, guid: c3a7af38ace248c43a5ebbe68d9edaab,
    type: 3}
  m_PrefabInstance: {fileID: 6023727195523544107}
  m_PrefabAsset: {fileID: 0}
--- !u!65 &1503699413552006373
BoxCollider:
  m_ObjectHideFlags: 0
  m_CorrespondingSourceObject: {fileID: 0}
  m_PrefabInstance: {fileID: 0}
  m_PrefabAsset: {fileID: 0}
  m_GameObject: {fileID: 6870797763836594554}
  m_Material: {fileID: 0}
  m_IncludeLayers:
    serializedVersion: 2
    m_Bits: 0
  m_ExcludeLayers:
    serializedVersion: 2
    m_Bits: 0
  m_LayerOverridePriority: 0
  m_IsTrigger: 0
  m_ProvidesContacts: 0
  m_Enabled: 1
  serializedVersion: 3
  m_Size: {x: 0.23496011, y: 0.28435957, z: 0.23139063}
  m_Center: {x: -0.000000011175871, y: 0.14217979, z: 0.000000007450582}
--- !u!54 &5605076492789886088
Rigidbody:
  m_ObjectHideFlags: 0
  m_CorrespondingSourceObject: {fileID: 0}
  m_PrefabInstance: {fileID: 0}
  m_PrefabAsset: {fileID: 0}
  m_GameObject: {fileID: 6870797763836594554}
  serializedVersion: 4
  m_Mass: 1
  m_Drag: 0
  m_AngularDrag: 0.05
  m_CenterOfMass: {x: 0, y: 0, z: 0}
  m_InertiaTensor: {x: 1, y: 1, z: 1}
  m_InertiaRotation: {x: 0, y: 0, z: 0, w: 1}
  m_IncludeLayers:
    serializedVersion: 2
    m_Bits: 0
  m_ExcludeLayers:
    serializedVersion: 2
    m_Bits: 0
  m_ImplicitCom: 1
  m_ImplicitTensor: 1
  m_UseGravity: 1
  m_IsKinematic: 1
  m_Interpolate: 0
  m_Constraints: 0
  m_CollisionDetection: 0
--- !u!114 &7974837397973761344
MonoBehaviour:
  m_ObjectHideFlags: 0
  m_CorrespondingSourceObject: {fileID: 0}
  m_PrefabInstance: {fileID: 0}
  m_PrefabAsset: {fileID: 0}
  m_GameObject: {fileID: 6870797763836594554}
  m_Enabled: 1
  m_EditorHideFlags: 0
  m_Script: {fileID: 11500000, guid: 40be162ecf82140359387976cb234244, type: 3}
  m_Name: 
  m_EditorClassIdentifier: 
  _isWorldSerializable: 1
  _ignoreFromInteraction: 0
  _objectStateEventController: {fileID: 0}
  _screenWidthPercentageUIOffset: 0
  _screenHeightPercentageUIOffset: 0
  _interactionDirection: -1
  _interactionsConfig: {fileID: 11400000, guid: c6921ae90c0f24f4dabc23828950c1e8,
    type: 2}
  _interactableIcon: {fileID: 0}
  _interactableName: Grounds Container
  <InteractionSocket>k__BackingField: {fileID: 0}
  _throwingCurve:
    serializedVersion: 2
    m_Curve:
    - serializedVersion: 3
      time: 0
      value: 1
      inSlope: 0.37393335
      outSlope: 0.37393335
      tangentMode: 0
      weightedMode: 0
      inWeight: 0.33333334
      outWeight: 0.16936937
    - serializedVersion: 3
      time: 2
      value: 20
      inSlope: 0
      outSlope: 0
      tangentMode: 0
      weightedMode: 0
      inWeight: 0.33333334
      outWeight: 0.33333334
    m_PreInfinity: 2
    m_PostInfinity: 2
    m_RotationOrder: 4
  _ikHandle: {fileID: 0}
  <CanThrow>k__BackingField: 1
  <CanTrash>k__BackingField: 1
  <CanPlaceOnContainable>k__BackingField: 1
  _coffeeGroundsMesh: {fileID: 8184069833917126181}
--- !u!114 &2046296246447052766
MonoBehaviour:
  m_ObjectHideFlags: 0
  m_CorrespondingSourceObject: {fileID: 0}
  m_PrefabInstance: {fileID: 0}
  m_PrefabAsset: {fileID: 0}
  m_GameObject: {fileID: 6870797763836594554}
  m_Enabled: 1
  m_EditorHideFlags: 0
  m_Script: {fileID: 11500000, guid: 888380afc233049ce9e618f9f36c8ba8, type: 3}
  m_Name: 
  m_EditorClassIdentifier: 
  profile: {fileID: 11400000, guid: 5e5a19d8f8f88a441a7a30a46b9e32af, type: 2}
  profileSync: 1
  previewInEditor: 1
  camerasLayerMask:
    serializedVersion: 2
    m_Bits: 4294967295
  effectGroup: 0
  effectGroupLayer:
    serializedVersion: 2
    m_Bits: 4294967295
  effectNameFilter: 
  combineMeshes: 0
  alphaCutOff: 0
  cullBackFaces: 1
  ignoreObjectVisibility: 0
  reflectionProbes: 0
  GPUInstancing: 1
  depthClip: 0
  cameraDistanceFade: 0
  cameraDistanceFadeNear: 0
  cameraDistanceFadeFar: 1000
  normalsOption: 0
  ignore: 0
  _highlighted: 0
  fadeInDuration: 0.1
  fadeOutDuration: 0.2
  flipY: 0
  constantWidth: 1
  subMeshMask: -1
  overlay: 0.023
  overlayMode: 0
  overlayColor: {r: 1.4980391, g: 1.4980391, b: 1.4980391, a: 1}
  overlayAnimationSpeed: 0.5
  overlayMinIntensity: 0.832
  overlayBlending: 0
  overlayTexture: {fileID: 0}
  overlayTextureScale: 1
  outline: 1
  outlineColor: {r: 0.9339623, g: 0.9339623, b: 0.9339623, a: 1}
  outlineColorStyle: 0
  outlineGradient:
    serializedVersion: 2
    key0: {r: 1, g: 1, b: 1, a: 1}
    key1: {r: 1, g: 1, b: 1, a: 1}
    key2: {r: 0, g: 0, b: 0, a: 0}
    key3: {r: 0, g: 0, b: 0, a: 0}
    key4: {r: 0, g: 0, b: 0, a: 0}
    key5: {r: 0, g: 0, b: 0, a: 0}
    key6: {r: 0, g: 0, b: 0, a: 0}
    key7: {r: 0, g: 0, b: 0, a: 0}
    ctime0: 0
    ctime1: 65535
    ctime2: 0
    ctime3: 0
    ctime4: 0
    ctime5: 0
    ctime6: 0
    ctime7: 0
    atime0: 0
    atime1: 65535
    atime2: 0
    atime3: 0
    atime4: 0
    atime5: 0
    atime6: 0
    atime7: 0
    m_Mode: 0
    m_ColorSpace: -1
    m_NumColorKeys: 2
    m_NumAlphaKeys: 2
  outlineGradientInLocalSpace: 0
  outlineWidth: 0.45
  outlineQuality: 1
  outlineDownsampling: 2
  outlineVisibility: 0
  glowBlendMode: 0
  outlineBlitDebug: 0
  outlineIndependent: 0
  glow: 0
  glowWidth: 0.14
  glowQuality: 1
  glowDownsampling: 2
  glowHQColor: {r: 0.64, g: 1, b: 0, a: 1}
  glowDithering: 1
  glowMagicNumber1: 1.53
  glowMagicNumber2: 0.67
  glowAnimationSpeed: 1
  glowVisibility: 0
  glowBlitDebug: 0
  glowBlendPasses: 1
  glowPasses:
  - offset: 1
    alpha: 2
    color: {r: 1, g: 0.40117237, b: 0, a: 1}
  glowIgnoreMask: 0
  innerGlow: 0
  innerGlowWidth: 1
  innerGlowColor: {r: 1, g: 1, b: 1, a: 1}
  innerGlowVisibility: 0
  targetFX: 0
  targetFXTexture: {fileID: 2800000, guid: 1de3c566a6c8c405b9f6f453137273ec, type: 3}
  targetFXColor: {r: 1, g: 1, b: 1, a: 1}
  targetFXCenter: {fileID: 0}
  targetFXRotationSpeed: 50
  targetFXInitialScale: 4
  targetFXEndScale: 1.5
  targetFXScaleToRenderBounds: 0
  targetFXAlignToGround: 0
  targetFXFadePower: 32
  targetFXGroundMaxDistance: 15
  targetFXGroundLayerMask:
    serializedVersion: 2
    m_Bits: 4294967295
  targetFXTransitionDuration: 0.5
  targetFXStayDuration: 1.5
  targetFXVisibility: 1
  seeThrough: 2
  seeThroughOccluderMask:
    serializedVersion: 2
    m_Bits: 4294967295
  seeThroughOccluderThreshold: 0.4
  seeThroughOccluderMaskAccurate: 0
  seeThroughOccluderCheckInterval: 1
  seeThroughOccluderCheckIndividualObjects: 0
  seeThroughDepthOffset: 0
  seeThroughMaxDepth: 0
  seeThroughIntensity: 0.8
  seeThroughTintAlpha: 0.5
  seeThroughTintColor: {r: 1, g: 0, b: 0, a: 1}
  seeThroughNoise: 1
  seeThroughBorder: 0
  seeThroughBorderColor: {r: 0, g: 0, b: 0, a: 1}
  seeThroughBorderOnly: 0
  seeThroughBorderWidth: 0.45
  seeThroughOrdered: 0
  rmsCount: 2
  hitFxInitialIntensity: 0
  hitFxMode: 0
  hitFxFadeOutDuration: 0.25
  hitFxColor: {r: 1, g: 1, b: 1, a: 1}
  hitFxRadius: 0.5
--- !u!114 &-8620957088986789635
MonoBehaviour:
  m_ObjectHideFlags: 0
  m_CorrespondingSourceObject: {fileID: 0}
  m_PrefabInstance: {fileID: 0}
  m_PrefabAsset: {fileID: 0}
  m_GameObject: {fileID: 6870797763836594554}
  m_Enabled: 1
  m_EditorHideFlags: 0
  m_Script: {fileID: 11500000, guid: 9be80118689d23e47b415f993d52acf1, type: 3}
  m_Name: 
  m_EditorClassIdentifier: 
  _dataObject: {fileID: 7974837397973761344}
--- !u!1 &8184069833917126181 stripped
GameObject:
  m_CorrespondingSourceObject: {fileID: 2453120251040408078, guid: c3a7af38ace248c43a5ebbe68d9edaab,
    type: 3}
  m_PrefabInstance: {fileID: 6023727195523544107}
  m_PrefabAsset: {fileID: 0}
