%YAML 1.1
%TAG !u! tag:unity3d.com,2011:
--- !u!1 &1972996439475966710
GameObject:
  m_ObjectHideFlags: 0
  m_CorrespondingSourceObject: {fileID: 0}
  m_PrefabInstance: {fileID: 0}
  m_PrefabAsset: {fileID: 0}
  serializedVersion: 6
  m_Component:
  - component: {fileID: 1164934092003936332}
  - component: {fileID: 2847813143460841449}
  - component: {fileID: 27445729420964643}
  - component: {fileID: 24286422682425284}
  - component: {fileID: 2603862231596135684}
  m_Layer: 0
  m_Name: Booth
  m_TagString: Untagged
  m_Icon: {fileID: 0}
  m_NavMeshLayer: 0
  m_StaticEditorFlags: 0
  m_IsActive: 1
--- !u!4 &1164934092003936332
Transform:
  m_ObjectHideFlags: 0
  m_CorrespondingSourceObject: {fileID: 0}
  m_PrefabInstance: {fileID: 0}
  m_PrefabAsset: {fileID: 0}
  m_GameObject: {fileID: 1972996439475966710}
  serializedVersion: 2
  m_LocalRotation: {x: 0, y: 1, z: 0, w: 0}
  m_LocalPosition: {x: 6.1375494, y: 0.00000008742274, z: -9.772999}
  m_LocalScale: {x: 1, y: 1, z: 1}
  m_ConstrainProportionsScale: 0
  m_Children:
  - {fileID: 5151592371350839890}
  - {fileID: 7790524199236435406}
  m_Father: {fileID: 0}
  m_LocalEulerAnglesHint: {x: 0, y: 180, z: 0}
--- !u!33 &2847813143460841449
MeshFilter:
  m_ObjectHideFlags: 0
  m_CorrespondingSourceObject: {fileID: 0}
  m_PrefabInstance: {fileID: 0}
  m_PrefabAsset: {fileID: 0}
  m_GameObject: {fileID: 1972996439475966710}
  m_Mesh: {fileID: 3562073674547505438, guid: 83a6e8e5fba3c5049b192e84779b7da0, type: 3}
--- !u!23 &27445729420964643
MeshRenderer:
  m_ObjectHideFlags: 0
  m_CorrespondingSourceObject: {fileID: 0}
  m_PrefabInstance: {fileID: 0}
  m_PrefabAsset: {fileID: 0}
  m_GameObject: {fileID: 1972996439475966710}
  m_Enabled: 1
  m_CastShadows: 1
  m_ReceiveShadows: 1
  m_DynamicOccludee: 1
  m_StaticShadowCaster: 0
  m_MotionVectors: 1
  m_LightProbeUsage: 1
  m_ReflectionProbeUsage: 1
  m_RayTracingMode: 2
  m_RayTraceProcedural: 0
  m_RayTracingAccelStructBuildFlagsOverride: 0
  m_RayTracingAccelStructBuildFlags: 1
  m_SmallMeshCulling: 1
  m_RenderingLayerMask: 1
  m_RendererPriority: 0
  m_Materials:
  - {fileID: 2100000, guid: 8ff4d43e8e042104eac8c11ca615a5c3, type: 2}
  - {fileID: 2100000, guid: 878c90403d1f0574997c4366b556233f, type: 2}
  - {fileID: 2100000, guid: 3bdc3372d09bf954c92f9e775a736844, type: 2}
  - {fileID: 2100000, guid: 1871ca3a0a158e24da35118248e63f77, type: 2}
  - {fileID: 2100000, guid: a5a9e1a85735c874a8f919c3d895dd9b, type: 2}
  - {fileID: 2100000, guid: 3bdc3372d09bf954c92f9e775a736844, type: 2}
  m_StaticBatchInfo:
    firstSubMesh: 0
    subMeshCount: 0
  m_StaticBatchRoot: {fileID: 0}
  m_ProbeAnchor: {fileID: 0}
  m_LightProbeVolumeOverride: {fileID: 0}
  m_ScaleInLightmap: 1
  m_ReceiveGI: 1
  m_PreserveUVs: 0
  m_IgnoreNormalsForChartDetection: 0
  m_ImportantGI: 0
  m_StitchLightmapSeams: 1
  m_SelectedEditorRenderState: 3
  m_MinimumChartSize: 4
  m_AutoUVMaxDistance: 0.5
  m_AutoUVMaxAngle: 89
  m_LightmapParameters: {fileID: 0}
  m_SortingLayerID: 0
  m_SortingLayer: 0
  m_SortingOrder: 0
  m_AdditionalVertexStreams: {fileID: 0}
--- !u!65 &24286422682425284
BoxCollider:
  m_ObjectHideFlags: 0
  m_CorrespondingSourceObject: {fileID: 0}
  m_PrefabInstance: {fileID: 0}
  m_PrefabAsset: {fileID: 0}
  m_GameObject: {fileID: 1972996439475966710}
  m_Material: {fileID: 0}
  m_IncludeLayers:
    serializedVersion: 2
    m_Bits: 0
  m_ExcludeLayers:
    serializedVersion: 2
    m_Bits: 0
  m_LayerOverridePriority: 0
  m_IsTrigger: 0
  m_ProvidesContacts: 0
  m_Enabled: 1
  serializedVersion: 3
  m_Size: {x: 0.5996969, y: 0.8537971, z: 2.0463548}
  m_Center: {x: -1.2584168, y: 0.42689854, z: 0.0208776}
--- !u!65 &2603862231596135684
BoxCollider:
  m_ObjectHideFlags: 0
  m_CorrespondingSourceObject: {fileID: 0}
  m_PrefabInstance: {fileID: 0}
  m_PrefabAsset: {fileID: 0}
  m_GameObject: {fileID: 1972996439475966710}
  m_Material: {fileID: 0}
  m_IncludeLayers:
    serializedVersion: 2
    m_Bits: 0
  m_ExcludeLayers:
    serializedVersion: 2
    m_Bits: 0
  m_LayerOverridePriority: 0
  m_IsTrigger: 0
  m_ProvidesContacts: 0
  m_Enabled: 1
  serializedVersion: 3
  m_Size: {x: 0.54931235, y: 0.85870254, z: 2.0434446}
  m_Center: {x: 1.2298852, y: 0.42935127, z: 0.022332907}
--- !u!1 &2270310130781665774
GameObject:
  m_ObjectHideFlags: 0
  m_CorrespondingSourceObject: {fileID: 0}
  m_PrefabInstance: {fileID: 0}
  m_PrefabAsset: {fileID: 0}
  serializedVersion: 6
  m_Component:
  - component: {fileID: 5151592371350839890}
  - component: {fileID: 4067495859421512262}
  - component: {fileID: 3816495495772251792}
  m_Layer: 0
  m_Name: Zone_Left
  m_TagString: Untagged
  m_Icon: {fileID: 0}
  m_NavMeshLayer: 0
  m_StaticEditorFlags: 0
  m_IsActive: 1
--- !u!4 &5151592371350839890
Transform:
  m_ObjectHideFlags: 0
  m_CorrespondingSourceObject: {fileID: 0}
  m_PrefabInstance: {fileID: 0}
  m_PrefabAsset: {fileID: 0}
  m_GameObject: {fileID: 2270310130781665774}
  serializedVersion: 2
  m_LocalRotation: {x: -0, y: -1, z: -0, w: 0}
  m_LocalPosition: {x: 0.5, y: 0.42300004, z: 0.49300003}
  m_LocalScale: {x: 1, y: 0.85, z: 1}
  m_ConstrainProportionsScale: 0
  m_Children:
  - {fileID: 3336212704145506400}
  m_Father: {fileID: 1164934092003936332}
  m_LocalEulerAnglesHint: {x: 0, y: 0, z: 0}
--- !u!65 &4067495859421512262
BoxCollider:
  m_ObjectHideFlags: 0
  m_CorrespondingSourceObject: {fileID: 0}
  m_PrefabInstance: {fileID: 0}
  m_PrefabAsset: {fileID: 0}
  m_GameObject: {fileID: 2270310130781665774}
  m_Material: {fileID: 0}
  m_IncludeLayers:
    serializedVersion: 2
    m_Bits: 0
  m_ExcludeLayers:
    serializedVersion: 2
    m_Bits: 0
  m_LayerOverridePriority: 0
  m_IsTrigger: 0
  m_ProvidesContacts: 0
  m_Enabled: 1
  serializedVersion: 3
  m_Size: {x: 1, y: 1, z: 1}
  m_Center: {x: 0, y: 0, z: 0}
--- !u!114 &3816495495772251792
MonoBehaviour:
  m_ObjectHideFlags: 0
  m_CorrespondingSourceObject: {fileID: 0}
  m_PrefabInstance: {fileID: 0}
  m_PrefabAsset: {fileID: 0}
  m_GameObject: {fileID: 2270310130781665774}
  m_Enabled: 1
  m_EditorHideFlags: 0
  m_Script: {fileID: 11500000, guid: 4fab099ebcb7815f89e4f08b1ecbdfed, type: 3}
  m_Name: 
  m_EditorClassIdentifier: 
  _isWorldSerializable: 1
  _ignoreFromInteraction: 0
  _objectStateEventController: {fileID: 0}
  _screenWidthPercentageUIOffset: 0
  _screenHeightPercentageUIOffset: 0
  _interactionDirection: 15
  _interactionsConfig: {fileID: 11400000, guid: c6921ae90c0f24f4dabc23828950c1e8,
    type: 2}
  _interactableIcon: {fileID: 0}
  _interactableName: Booth
  <InteractionSocket>k__BackingField: {fileID: 0}
  _movablePlacementClearanceRequirement: 0
  _movableSurfaceRequirement: 1
--- !u!1 &5810917703083233308
GameObject:
  m_ObjectHideFlags: 0
  m_CorrespondingSourceObject: {fileID: 0}
  m_PrefabInstance: {fileID: 0}
  m_PrefabAsset: {fileID: 0}
  serializedVersion: 6
  m_Component:
  - component: {fileID: 3336212704145506400}
  - component: {fileID: 3592733841420377267}
  m_Layer: 0
  m_Name: Scoket
  m_TagString: Untagged
  m_Icon: {fileID: -5397416234189338067, guid: 0000000000000000d000000000000000, type: 0}
  m_NavMeshLayer: 0
  m_StaticEditorFlags: 0
  m_IsActive: 1
--- !u!4 &3336212704145506400
Transform:
  m_ObjectHideFlags: 0
  m_CorrespondingSourceObject: {fileID: 0}
  m_PrefabInstance: {fileID: 0}
  m_PrefabAsset: {fileID: 0}
  m_GameObject: {fileID: 5810917703083233308}
  serializedVersion: 2
  m_LocalRotation: {x: 0, y: 0, z: 0, w: 1}
  m_LocalPosition: {x: 0, y: 0.5023529, z: -0.0069999695}
  m_LocalScale: {x: 1, y: 1.1764705, z: 1}
  m_ConstrainProportionsScale: 0
  m_Children: []
  m_Father: {fileID: 5151592371350839890}
  m_LocalEulerAnglesHint: {x: 0, y: 0, z: 0}
--- !u!114 &3592733841420377267
MonoBehaviour:
  m_ObjectHideFlags: 0
  m_CorrespondingSourceObject: {fileID: 0}
  m_PrefabInstance: {fileID: 0}
  m_PrefabAsset: {fileID: 0}
  m_GameObject: {fileID: 5810917703083233308}
  m_Enabled: 1
  m_EditorHideFlags: 0
  m_Script: {fileID: 11500000, guid: a34088d67c32d4447b2fe2e887e1acf4, type: 3}
  m_Name: 
  m_EditorClassIdentifier: 
  <CurrentInteractable>k__BackingField: {fileID: 0}
--- !u!1 &7283094303331299960
GameObject:
  m_ObjectHideFlags: 0
  m_CorrespondingSourceObject: {fileID: 0}
  m_PrefabInstance: {fileID: 0}
  m_PrefabAsset: {fileID: 0}
  serializedVersion: 6
  m_Component:
  - component: {fileID: 7790524199236435406}
  - component: {fileID: 4975715753246788022}
  - component: {fileID: 8577458879453146693}
  m_Layer: 0
  m_Name: Zone_Right
  m_TagString: Untagged
  m_Icon: {fileID: 0}
  m_NavMeshLayer: 0
  m_StaticEditorFlags: 0
  m_IsActive: 1
--- !u!4 &7790524199236435406
Transform:
  m_ObjectHideFlags: 0
  m_CorrespondingSourceObject: {fileID: 0}
  m_PrefabInstance: {fileID: 0}
  m_PrefabAsset: {fileID: 0}
  m_GameObject: {fileID: 7283094303331299960}
  serializedVersion: 2
  m_LocalRotation: {x: -0, y: -1, z: -0, w: 0}
  m_LocalPosition: {x: -0.5, y: 0.42300004, z: 0.49300003}
  m_LocalScale: {x: 1, y: 0.85, z: 1}
  m_ConstrainProportionsScale: 0
  m_Children:
  - {fileID: 865750105329427937}
  m_Father: {fileID: 1164934092003936332}
  m_LocalEulerAnglesHint: {x: 0, y: 0, z: 0}
--- !u!65 &4975715753246788022
BoxCollider:
  m_ObjectHideFlags: 0
  m_CorrespondingSourceObject: {fileID: 0}
  m_PrefabInstance: {fileID: 0}
  m_PrefabAsset: {fileID: 0}
  m_GameObject: {fileID: 7283094303331299960}
  m_Material: {fileID: 0}
  m_IncludeLayers:
    serializedVersion: 2
    m_Bits: 0
  m_ExcludeLayers:
    serializedVersion: 2
    m_Bits: 0
  m_LayerOverridePriority: 0
  m_IsTrigger: 0
  m_ProvidesContacts: 0
  m_Enabled: 1
  serializedVersion: 3
  m_Size: {x: 1, y: 1, z: 1}
  m_Center: {x: 0, y: 0, z: 0}
--- !u!114 &8577458879453146693
MonoBehaviour:
  m_ObjectHideFlags: 0
  m_CorrespondingSourceObject: {fileID: 0}
  m_PrefabInstance: {fileID: 0}
  m_PrefabAsset: {fileID: 0}
  m_GameObject: {fileID: 7283094303331299960}
  m_Enabled: 1
  m_EditorHideFlags: 0
  m_Script: {fileID: 11500000, guid: 4fab099ebcb7815f89e4f08b1ecbdfed, type: 3}
  m_Name: 
  m_EditorClassIdentifier: 
  _isWorldSerializable: 1
  _ignoreFromInteraction: 0
  _objectStateEventController: {fileID: 0}
  _screenWidthPercentageUIOffset: 0
  _screenHeightPercentageUIOffset: 0
  _interactionDirection: 15
  _interactionsConfig: {fileID: 11400000, guid: c6921ae90c0f24f4dabc23828950c1e8,
    type: 2}
  _interactableIcon: {fileID: 0}
  _interactableName: Booth
  <InteractionSocket>k__BackingField: {fileID: 0}
  _movablePlacementClearanceRequirement: 0
  _movableSurfaceRequirement: 1
--- !u!1 &9127040325728906763
GameObject:
  m_ObjectHideFlags: 0
  m_CorrespondingSourceObject: {fileID: 0}
  m_PrefabInstance: {fileID: 0}
  m_PrefabAsset: {fileID: 0}
  serializedVersion: 6
  m_Component:
  - component: {fileID: 865750105329427937}
  - component: {fileID: 8423166127747443862}
  m_Layer: 0
  m_Name: Scoket
  m_TagString: Untagged
  m_Icon: {fileID: -5397416234189338067, guid: 0000000000000000d000000000000000, type: 0}
  m_NavMeshLayer: 0
  m_StaticEditorFlags: 0
  m_IsActive: 1
--- !u!4 &865750105329427937
Transform:
  m_ObjectHideFlags: 0
  m_CorrespondingSourceObject: {fileID: 0}
  m_PrefabInstance: {fileID: 0}
  m_PrefabAsset: {fileID: 0}
  m_GameObject: {fileID: 9127040325728906763}
  serializedVersion: 2
  m_LocalRotation: {x: 0, y: 0, z: 0, w: 1}
  m_LocalPosition: {x: 0, y: 0.5023529, z: -0.0069999695}
  m_LocalScale: {x: 1, y: 1.1764705, z: 1}
  m_ConstrainProportionsScale: 0
  m_Children: []
  m_Father: {fileID: 7790524199236435406}
  m_LocalEulerAnglesHint: {x: 0, y: 0, z: 0}
--- !u!114 &8423166127747443862
MonoBehaviour:
  m_ObjectHideFlags: 0
  m_CorrespondingSourceObject: {fileID: 0}
  m_PrefabInstance: {fileID: 0}
  m_PrefabAsset: {fileID: 0}
  m_GameObject: {fileID: 9127040325728906763}
  m_Enabled: 1
  m_EditorHideFlags: 0
  m_Script: {fileID: 11500000, guid: a34088d67c32d4447b2fe2e887e1acf4, type: 3}
  m_Name: 
  m_EditorClassIdentifier: 
  <CurrentInteractable>k__BackingField: {fileID: 0}
