%YAML 1.1
%TAG !u! tag:unity3d.com,2011:
--- !u!1 &2578161277135395120
GameObject:
  m_ObjectHideFlags: 0
  m_CorrespondingSourceObject: {fileID: 0}
  m_PrefabInstance: {fileID: 0}
  m_PrefabAsset: {fileID: 0}
  serializedVersion: 6
  m_Component:
  - component: {fileID: 2921895702124741514}
  - component: {fileID: 2243763742069083183}
  - component: {fileID: 4091384427488032997}
  - component: {fileID: 2456009941954896082}
  - component: {fileID: 6106059057134470895}
  - component: {fileID: 4383283979722617220}
  m_Layer: 7
  m_Name: SaleCounter
  m_TagString: Untagged
  m_Icon: {fileID: 0}
  m_NavMeshLayer: 0
  m_StaticEditorFlags: 1
  m_IsActive: 1
--- !u!4 &2921895702124741514
Transform:
  m_ObjectHideFlags: 0
  m_CorrespondingSourceObject: {fileID: 0}
  m_PrefabInstance: {fileID: 0}
  m_PrefabAsset: {fileID: 0}
  m_GameObject: {fileID: 2578161277135395120}
  serializedVersion: 2
  m_LocalRotation: {x: -0.000000014901161, y: -0, z: -0, w: 1}
  m_LocalPosition: {x: 0, y: 0, z: 0}
  m_LocalScale: {x: 1, y: 1, z: 1}
  m_ConstrainProportionsScale: 0
  m_Children:
  - {fileID: 6067834153879951266}
  - {fileID: 8320684904484408573}
  - {fileID: 7979042343743541589}
  m_Father: {fileID: 0}
  m_LocalEulerAnglesHint: {x: 0, y: 0, z: 0}
--- !u!33 &2243763742069083183
MeshFilter:
  m_ObjectHideFlags: 0
  m_CorrespondingSourceObject: {fileID: 0}
  m_PrefabInstance: {fileID: 0}
  m_PrefabAsset: {fileID: 0}
  m_GameObject: {fileID: 2578161277135395120}
  m_Mesh: {fileID: -4134462517785884784, guid: dd53f144f33fbb0489e483f7b3f249ac, type: 3}
--- !u!23 &4091384427488032997
MeshRenderer:
  m_ObjectHideFlags: 0
  m_CorrespondingSourceObject: {fileID: 0}
  m_PrefabInstance: {fileID: 0}
  m_PrefabAsset: {fileID: 0}
  m_GameObject: {fileID: 2578161277135395120}
  m_Enabled: 1
  m_CastShadows: 1
  m_ReceiveShadows: 1
  m_DynamicOccludee: 1
  m_StaticShadowCaster: 0
  m_MotionVectors: 1
  m_LightProbeUsage: 1
  m_ReflectionProbeUsage: 1
  m_RayTracingMode: 2
  m_RayTraceProcedural: 0
  m_RayTracingAccelStructBuildFlagsOverride: 0
  m_RayTracingAccelStructBuildFlags: 1
  m_SmallMeshCulling: 1
  m_RenderingLayerMask: 1
  m_RendererPriority: 0
  m_Materials:
  - {fileID: 2100000, guid: b26bc6d91f559cc42bbd4cf9f5500225, type: 2}
  - {fileID: 2100000, guid: 2a512ecdcf894024a8d1fa004cc21ebc, type: 2}
  m_StaticBatchInfo:
    firstSubMesh: 0
    subMeshCount: 0
  m_StaticBatchRoot: {fileID: 0}
  m_ProbeAnchor: {fileID: 0}
  m_LightProbeVolumeOverride: {fileID: 0}
  m_ScaleInLightmap: 1
  m_ReceiveGI: 2
  m_PreserveUVs: 0
  m_IgnoreNormalsForChartDetection: 0
  m_ImportantGI: 0
  m_StitchLightmapSeams: 1
  m_SelectedEditorRenderState: 3
  m_MinimumChartSize: 4
  m_AutoUVMaxDistance: 0.5
  m_AutoUVMaxAngle: 89
  m_LightmapParameters: {fileID: 0}
  m_SortingLayerID: 0
  m_SortingLayer: 0
  m_SortingOrder: 0
  m_AdditionalVertexStreams: {fileID: 0}
--- !u!114 &2456009941954896082
MonoBehaviour:
  m_ObjectHideFlags: 0
  m_CorrespondingSourceObject: {fileID: 0}
  m_PrefabInstance: {fileID: 0}
  m_PrefabAsset: {fileID: 0}
  m_GameObject: {fileID: 2578161277135395120}
  m_Enabled: 1
  m_EditorHideFlags: 0
  m_Script: {fileID: 11500000, guid: 888380afc233049ce9e618f9f36c8ba8, type: 3}
  m_Name: 
  m_EditorClassIdentifier: 
  profile: {fileID: 11400000, guid: 5e5a19d8f8f88a441a7a30a46b9e32af, type: 2}
  profileSync: 1
  previewInEditor: 1
  camerasLayerMask:
    serializedVersion: 2
    m_Bits: 4294967295
  effectGroup: 0
  effectGroupLayer:
    serializedVersion: 2
    m_Bits: 4294967295
  effectNameFilter: 
  combineMeshes: 0
  alphaCutOff: 0
  cullBackFaces: 1
  ignoreObjectVisibility: 0
  reflectionProbes: 0
  GPUInstancing: 1
  depthClip: 0
  cameraDistanceFade: 0
  cameraDistanceFadeNear: 0
  cameraDistanceFadeFar: 1000
  normalsOption: 0
  ignore: 0
  _highlighted: 0
  fadeInDuration: 0.1
  fadeOutDuration: 0.2
  flipY: 0
  constantWidth: 1
  subMeshMask: -1
  overlay: 0.023
  overlayMode: 0
  overlayColor: {r: 1.4980391, g: 1.4980391, b: 1.4980391, a: 1}
  overlayAnimationSpeed: 0.5
  overlayMinIntensity: 0.832
  overlayBlending: 0
  overlayTexture: {fileID: 0}
  overlayTextureScale: 1
  outline: 1
  outlineColor: {r: 0.9339623, g: 0.9339623, b: 0.9339623, a: 1}
  outlineColorStyle: 0
  outlineGradient:
    serializedVersion: 2
    key0: {r: 1, g: 1, b: 1, a: 1}
    key1: {r: 1, g: 1, b: 1, a: 1}
    key2: {r: 0, g: 0, b: 0, a: 0}
    key3: {r: 0, g: 0, b: 0, a: 0}
    key4: {r: 0, g: 0, b: 0, a: 0}
    key5: {r: 0, g: 0, b: 0, a: 0}
    key6: {r: 0, g: 0, b: 0, a: 0}
    key7: {r: 0, g: 0, b: 0, a: 0}
    ctime0: 0
    ctime1: 65535
    ctime2: 0
    ctime3: 0
    ctime4: 0
    ctime5: 0
    ctime6: 0
    ctime7: 0
    atime0: 0
    atime1: 65535
    atime2: 0
    atime3: 0
    atime4: 0
    atime5: 0
    atime6: 0
    atime7: 0
    m_Mode: 0
    m_ColorSpace: -1
    m_NumColorKeys: 2
    m_NumAlphaKeys: 2
  outlineGradientInLocalSpace: 0
  outlineWidth: 0.45
  outlineQuality: 1
  outlineDownsampling: 2
  outlineVisibility: 0
  glowBlendMode: 0
  outlineBlitDebug: 0
  outlineIndependent: 0
  glow: 0
  glowWidth: 0.14
  glowQuality: 1
  glowDownsampling: 2
  glowHQColor: {r: 0.64, g: 1, b: 0, a: 1}
  glowDithering: 1
  glowMagicNumber1: 1.53
  glowMagicNumber2: 0.67
  glowAnimationSpeed: 1
  glowVisibility: 0
  glowBlitDebug: 0
  glowBlendPasses: 1
  glowPasses:
  - offset: 1
    alpha: 2
    color: {r: 1, g: 0.40117237, b: 0, a: 1}
  glowIgnoreMask: 0
  innerGlow: 0
  innerGlowWidth: 1
  innerGlowColor: {r: 1, g: 1, b: 1, a: 1}
  innerGlowVisibility: 0
  targetFX: 0
  targetFXTexture: {fileID: 2800000, guid: 1de3c566a6c8c405b9f6f453137273ec, type: 3}
  targetFXColor: {r: 1, g: 1, b: 1, a: 1}
  targetFXCenter: {fileID: 0}
  targetFXRotationSpeed: 50
  targetFXInitialScale: 4
  targetFXEndScale: 1.5
  targetFXScaleToRenderBounds: 0
  targetFXAlignToGround: 0
  targetFXFadePower: 32
  targetFXGroundMaxDistance: 15
  targetFXGroundLayerMask:
    serializedVersion: 2
    m_Bits: 4294967295
  targetFXTransitionDuration: 0.5
  targetFXStayDuration: 1.5
  targetFXVisibility: 1
  seeThrough: 2
  seeThroughOccluderMask:
    serializedVersion: 2
    m_Bits: 4294967295
  seeThroughOccluderThreshold: 0.4
  seeThroughOccluderMaskAccurate: 0
  seeThroughOccluderCheckInterval: 1
  seeThroughOccluderCheckIndividualObjects: 0
  seeThroughDepthOffset: 0
  seeThroughMaxDepth: 0
  seeThroughIntensity: 0.8
  seeThroughTintAlpha: 0.5
  seeThroughTintColor: {r: 1, g: 0, b: 0, a: 1}
  seeThroughNoise: 1
  seeThroughBorder: 0
  seeThroughBorderColor: {r: 0, g: 0, b: 0, a: 1}
  seeThroughBorderOnly: 0
  seeThroughBorderWidth: 0.45
  seeThroughOrdered: 0
  rmsCount: 2
  hitFxInitialIntensity: 0
  hitFxMode: 0
  hitFxFadeOutDuration: 0.25
  hitFxColor: {r: 1, g: 1, b: 1, a: 1}
  hitFxRadius: 0.5
--- !u!114 &6106059057134470895
MonoBehaviour:
  m_ObjectHideFlags: 0
  m_CorrespondingSourceObject: {fileID: 0}
  m_PrefabInstance: {fileID: 0}
  m_PrefabAsset: {fileID: 0}
  m_GameObject: {fileID: 2578161277135395120}
  m_Enabled: 1
  m_EditorHideFlags: 0
  m_Script: {fileID: 11500000, guid: b68daa56d3f1054409c92d940f5bf27c, type: 3}
  m_Name: 
  m_EditorClassIdentifier: 
  _isWorldSerializable: 0
  _ignoreFromInteraction: 0
  _objectStateEventController: {fileID: 0}
  _screenWidthPercentageUIOffset: 0
  _screenHeightPercentageUIOffset: 0.08
  _interactionDirection: -1
  _interactionActions:
  - {fileID: 11400000, guid: 4620e6ed948670140a9a1c7953b78295, type: 2}
  _interactionsConfig: {fileID: 11400000, guid: 6f87c1bb7212f1a43a89675a84528de7,
    type: 2}
  _interactableIcon: {fileID: 0}
  _interactableName: Sale Counter
  <InteractionSocket>k__BackingField: {fileID: 0}
  _isDebug: 0
  _containableSocket: {fileID: 6093558617069805336}
--- !u!65 &4383283979722617220
BoxCollider:
  m_ObjectHideFlags: 0
  m_CorrespondingSourceObject: {fileID: 0}
  m_PrefabInstance: {fileID: 0}
  m_PrefabAsset: {fileID: 0}
  m_GameObject: {fileID: 2578161277135395120}
  m_Material: {fileID: 0}
  m_IncludeLayers:
    serializedVersion: 2
    m_Bits: 0
  m_ExcludeLayers:
    serializedVersion: 2
    m_Bits: 0
  m_LayerOverridePriority: 0
  m_IsTrigger: 0
  m_ProvidesContacts: 0
  m_Enabled: 1
  serializedVersion: 3
  m_Size: {x: 1, y: 0.85000014, z: 1}
  m_Center: {x: 0, y: 0.4249999, z: 0.000000029802322}
--- !u!1 &3631233972717520908
GameObject:
  m_ObjectHideFlags: 0
  m_CorrespondingSourceObject: {fileID: 0}
  m_PrefabInstance: {fileID: 0}
  m_PrefabAsset: {fileID: 0}
  serializedVersion: 6
  m_Component:
  - component: {fileID: 8320684904484408573}
  m_Layer: 0
  m_Name: PickupArea
  m_TagString: Untagged
  m_Icon: {fileID: 0}
  m_NavMeshLayer: 0
  m_StaticEditorFlags: 1
  m_IsActive: 1
--- !u!4 &8320684904484408573
Transform:
  m_ObjectHideFlags: 0
  m_CorrespondingSourceObject: {fileID: 0}
  m_PrefabInstance: {fileID: 0}
  m_PrefabAsset: {fileID: 0}
  m_GameObject: {fileID: 3631233972717520908}
  serializedVersion: 2
  m_LocalRotation: {x: 0, y: 0, z: 0, w: 1}
  m_LocalPosition: {x: 0, y: 0, z: 1.027}
  m_LocalScale: {x: 1, y: 1, z: 1}
  m_ConstrainProportionsScale: 0
  m_Children: []
  m_Father: {fileID: 2921895702124741514}
  m_LocalEulerAnglesHint: {x: 0, y: 0, z: 0}
--- !u!1 &5232050392563354352
GameObject:
  m_ObjectHideFlags: 0
  m_CorrespondingSourceObject: {fileID: 0}
  m_PrefabInstance: {fileID: 0}
  m_PrefabAsset: {fileID: 0}
  serializedVersion: 6
  m_Component:
  - component: {fileID: 6067834153879951266}
  m_Layer: 0
  m_Name: Sockets
  m_TagString: Untagged
  m_Icon: {fileID: 0}
  m_NavMeshLayer: 0
  m_StaticEditorFlags: 1
  m_IsActive: 1
--- !u!4 &6067834153879951266
Transform:
  m_ObjectHideFlags: 0
  m_CorrespondingSourceObject: {fileID: 0}
  m_PrefabInstance: {fileID: 0}
  m_PrefabAsset: {fileID: 0}
  m_GameObject: {fileID: 5232050392563354352}
  serializedVersion: 2
  m_LocalRotation: {x: 0.00000049173826, y: -0, z: -0, w: 1}
  m_LocalPosition: {x: 0, y: 0.851, z: 0}
  m_LocalScale: {x: 1, y: 1, z: 1}
  m_ConstrainProportionsScale: 0
  m_Children:
  - {fileID: 2917486256172810194}
  m_Father: {fileID: 2921895702124741514}
  m_LocalEulerAnglesHint: {x: 0, y: 0, z: 0}
--- !u!1 &9014107411626338245
GameObject:
  m_ObjectHideFlags: 0
  m_CorrespondingSourceObject: {fileID: 0}
  m_PrefabInstance: {fileID: 0}
  m_PrefabAsset: {fileID: 0}
  serializedVersion: 6
  m_Component:
  - component: {fileID: 2917486256172810194}
  - component: {fileID: 6093558617069805336}
  m_Layer: 0
  m_Name: Socket 1
  m_TagString: Untagged
  m_Icon: {fileID: 3443629218296621865, guid: 0000000000000000d000000000000000, type: 0}
  m_NavMeshLayer: 0
  m_StaticEditorFlags: 1
  m_IsActive: 1
--- !u!4 &2917486256172810194
Transform:
  m_ObjectHideFlags: 0
  m_CorrespondingSourceObject: {fileID: 0}
  m_PrefabInstance: {fileID: 0}
  m_PrefabAsset: {fileID: 0}
  m_GameObject: {fileID: 9014107411626338245}
  serializedVersion: 2
  m_LocalRotation: {x: -0, y: -0, z: -0, w: 1}
  m_LocalPosition: {x: 0.174, y: 0.051, z: 0.234}
  m_LocalScale: {x: 1, y: 1, z: 1}
  m_ConstrainProportionsScale: 0
  m_Children: []
  m_Father: {fileID: 6067834153879951266}
  m_LocalEulerAnglesHint: {x: 0, y: 0, z: 0}
--- !u!114 &6093558617069805336
MonoBehaviour:
  m_ObjectHideFlags: 0
  m_CorrespondingSourceObject: {fileID: 0}
  m_PrefabInstance: {fileID: 0}
  m_PrefabAsset: {fileID: 0}
  m_GameObject: {fileID: 9014107411626338245}
  m_Enabled: 1
  m_EditorHideFlags: 0
  m_Script: {fileID: 11500000, guid: 13201d0a3afb21a418d0d80e4ccd1875, type: 3}
  m_Name: 
  m_EditorClassIdentifier: 
  <CurrentInteractable>k__BackingField: {fileID: 0}
--- !u!1001 &7580114258858292926
PrefabInstance:
  m_ObjectHideFlags: 0
  serializedVersion: 2
  m_Modification:
    serializedVersion: 3
    m_TransformParent: {fileID: 2921895702124741514}
    m_Modifications:
    - target: {fileID: -8679921383154817045, guid: 060c10cf1b9e0a642bb7b35301bf6ab2,
        type: 3}
      propertyPath: m_RootOrder
      value: -1
      objectReference: {fileID: 0}
    - target: {fileID: -8679921383154817045, guid: 060c10cf1b9e0a642bb7b35301bf6ab2,
        type: 3}
      propertyPath: m_LocalScale.x
      value: 1.2209998
      objectReference: {fileID: 0}
    - target: {fileID: -8679921383154817045, guid: 060c10cf1b9e0a642bb7b35301bf6ab2,
        type: 3}
      propertyPath: m_LocalScale.y
      value: 1.221
      objectReference: {fileID: 0}
    - target: {fileID: -8679921383154817045, guid: 060c10cf1b9e0a642bb7b35301bf6ab2,
        type: 3}
      propertyPath: m_LocalScale.z
      value: 1.2210001
      objectReference: {fileID: 0}
    - target: {fileID: -8679921383154817045, guid: 060c10cf1b9e0a642bb7b35301bf6ab2,
        type: 3}
      propertyPath: m_LocalPosition.x
      value: 0
      objectReference: {fileID: 0}
    - target: {fileID: -8679921383154817045, guid: 060c10cf1b9e0a642bb7b35301bf6ab2,
        type: 3}
      propertyPath: m_LocalPosition.y
      value: 0.857
      objectReference: {fileID: 0}
    - target: {fileID: -8679921383154817045, guid: 060c10cf1b9e0a642bb7b35301bf6ab2,
        type: 3}
      propertyPath: m_LocalPosition.z
      value: 0.164
      objectReference: {fileID: 0}
    - target: {fileID: -8679921383154817045, guid: 060c10cf1b9e0a642bb7b35301bf6ab2,
        type: 3}
      propertyPath: m_LocalRotation.w
      value: 0.5000001
      objectReference: {fileID: 0}
    - target: {fileID: -8679921383154817045, guid: 060c10cf1b9e0a642bb7b35301bf6ab2,
        type: 3}
      propertyPath: m_LocalRotation.x
      value: -0.50000006
      objectReference: {fileID: 0}
    - target: {fileID: -8679921383154817045, guid: 060c10cf1b9e0a642bb7b35301bf6ab2,
        type: 3}
      propertyPath: m_LocalRotation.y
      value: -0.49999997
      objectReference: {fileID: 0}
    - target: {fileID: -8679921383154817045, guid: 060c10cf1b9e0a642bb7b35301bf6ab2,
        type: 3}
      propertyPath: m_LocalRotation.z
      value: -0.49999997
      objectReference: {fileID: 0}
    - target: {fileID: -8679921383154817045, guid: 060c10cf1b9e0a642bb7b35301bf6ab2,
        type: 3}
      propertyPath: m_LocalEulerAnglesHint.x
      value: -90
      objectReference: {fileID: 0}
    - target: {fileID: -8679921383154817045, guid: 060c10cf1b9e0a642bb7b35301bf6ab2,
        type: 3}
      propertyPath: m_LocalEulerAnglesHint.y
      value: 0
      objectReference: {fileID: 0}
    - target: {fileID: -8679921383154817045, guid: 060c10cf1b9e0a642bb7b35301bf6ab2,
        type: 3}
      propertyPath: m_LocalEulerAnglesHint.z
      value: -90
      objectReference: {fileID: 0}
    - target: {fileID: -7511558181221131132, guid: 060c10cf1b9e0a642bb7b35301bf6ab2,
        type: 3}
      propertyPath: m_ReceiveGI
      value: 2
      objectReference: {fileID: 0}
    - target: {fileID: -7511558181221131132, guid: 060c10cf1b9e0a642bb7b35301bf6ab2,
        type: 3}
      propertyPath: 'm_Materials.Array.data[0]'
      value: 
      objectReference: {fileID: 2100000, guid: e7593dc3bcb2c5b448c57f2c8da35e2b, type: 2}
    - target: {fileID: 919132149155446097, guid: 060c10cf1b9e0a642bb7b35301bf6ab2,
        type: 3}
      propertyPath: m_Name
      value: Selling mat
      objectReference: {fileID: 0}
    - target: {fileID: 919132149155446097, guid: 060c10cf1b9e0a642bb7b35301bf6ab2,
        type: 3}
      propertyPath: m_StaticEditorFlags
      value: 1
      objectReference: {fileID: 0}
    m_RemovedComponents: []
    m_RemovedGameObjects: []
    m_AddedGameObjects: []
    m_AddedComponents: []
  m_SourcePrefab: {fileID: 100100000, guid: 060c10cf1b9e0a642bb7b35301bf6ab2, type: 3}
--- !u!4 &7979042343743541589 stripped
Transform:
  m_CorrespondingSourceObject: {fileID: -8679921383154817045, guid: 060c10cf1b9e0a642bb7b35301bf6ab2,
    type: 3}
  m_PrefabInstance: {fileID: 7580114258858292926}
  m_PrefabAsset: {fileID: 0}
