%YAML 1.1
%TAG !u! tag:unity3d.com,2011:
--- !u!1001 &1608273452830074282
PrefabInstance:
  m_ObjectHideFlags: 0
  serializedVersion: 2
  m_Modification:
    serializedVersion: 3
    m_TransformParent: {fileID: 0}
    m_Modifications:
    - target: {fileID: -8679921383154817045, guid: 6327c39296ae7004cac50f30676ef5ec,
        type: 3}
      propertyPath: m_RootOrder
      value: 1
      objectReference: {fileID: 0}
    - target: {fileID: -8679921383154817045, guid: 6327c39296ae7004cac50f30676ef5ec,
        type: 3}
      propertyPath: m_LocalPosition.x
      value: 11
      objectReference: {fileID: 0}
    - target: {fileID: -8679921383154817045, guid: 6327c39296ae7004cac50f30676ef5ec,
        type: 3}
      propertyPath: m_LocalPosition.y
      value: 0
      objectReference: {fileID: 0}
    - target: {fileID: -8679921383154817045, guid: 6327c39296ae7004cac50f30676ef5ec,
        type: 3}
      propertyPath: m_LocalPosition.z
      value: 9
      objectReference: {fileID: 0}
    - target: {fileID: -8679921383154817045, guid: 6327c39296ae7004cac50f30676ef5ec,
        type: 3}
      propertyPath: m_LocalRotation.w
      value: 0.0000000754979
      objectReference: {fileID: 0}
    - target: {fileID: -8679921383154817045, guid: 6327c39296ae7004cac50f30676ef5ec,
        type: 3}
      propertyPath: m_LocalRotation.x
      value: 1.7112914e-15
      objectReference: {fileID: 0}
    - target: {fileID: -8679921383154817045, guid: 6327c39296ae7004cac50f30676ef5ec,
        type: 3}
      propertyPath: m_LocalRotation.y
      value: 1
      objectReference: {fileID: 0}
    - target: {fileID: -8679921383154817045, guid: 6327c39296ae7004cac50f30676ef5ec,
        type: 3}
      propertyPath: m_LocalRotation.z
      value: -0.000000021855694
      objectReference: {fileID: 0}
    - target: {fileID: -8679921383154817045, guid: 6327c39296ae7004cac50f30676ef5ec,
        type: 3}
      propertyPath: m_LocalEulerAnglesHint.x
      value: 0
      objectReference: {fileID: 0}
    - target: {fileID: -8679921383154817045, guid: 6327c39296ae7004cac50f30676ef5ec,
        type: 3}
      propertyPath: m_LocalEulerAnglesHint.y
      value: 0
      objectReference: {fileID: 0}
    - target: {fileID: -8679921383154817045, guid: 6327c39296ae7004cac50f30676ef5ec,
        type: 3}
      propertyPath: m_LocalEulerAnglesHint.z
      value: 0
      objectReference: {fileID: 0}
    - target: {fileID: -8416672105141139009, guid: 6327c39296ae7004cac50f30676ef5ec,
        type: 3}
      propertyPath: 'm_Materials.Array.data[0]'
      value: 
      objectReference: {fileID: 2100000, guid: 9d9c08c89fe3ace4e93fc33fd265ac4e, type: 2}
    - target: {fileID: -8416672105141139009, guid: 6327c39296ae7004cac50f30676ef5ec,
        type: 3}
      propertyPath: 'm_Materials.Array.data[1]'
      value: 
      objectReference: {fileID: 2100000, guid: 5fc2405048396cc45adb17dbc1381639, type: 2}
    - target: {fileID: -5113334041914621918, guid: 6327c39296ae7004cac50f30676ef5ec,
        type: 3}
      propertyPath: 'm_Materials.Array.data[0]'
      value: 
      objectReference: {fileID: 2100000, guid: 9d9c08c89fe3ace4e93fc33fd265ac4e, type: 2}
    - target: {fileID: -5113334041914621918, guid: 6327c39296ae7004cac50f30676ef5ec,
        type: 3}
      propertyPath: 'm_Materials.Array.data[1]'
      value: 
      objectReference: {fileID: 2100000, guid: 5fc2405048396cc45adb17dbc1381639, type: 2}
    - target: {fileID: 919132149155446097, guid: 6327c39296ae7004cac50f30676ef5ec,
        type: 3}
      propertyPath: m_Name
      value: ShippingCrate_2x Variant
      objectReference: {fileID: 0}
    - target: {fileID: 2700338980167347327, guid: 6327c39296ae7004cac50f30676ef5ec,
        type: 3}
      propertyPath: 'm_Materials.Array.data[0]'
      value: 
      objectReference: {fileID: 2100000, guid: 9d9c08c89fe3ace4e93fc33fd265ac4e, type: 2}
    - target: {fileID: 2700338980167347327, guid: 6327c39296ae7004cac50f30676ef5ec,
        type: 3}
      propertyPath: 'm_Materials.Array.data[1]'
      value: 
      objectReference: {fileID: 2100000, guid: 5fc2405048396cc45adb17dbc1381639, type: 2}
    - target: {fileID: 5980958538504345328, guid: 6327c39296ae7004cac50f30676ef5ec,
        type: 3}
      propertyPath: 'm_Materials.Array.data[0]'
      value: 
      objectReference: {fileID: 2100000, guid: 9d9c08c89fe3ace4e93fc33fd265ac4e, type: 2}
    - target: {fileID: 5980958538504345328, guid: 6327c39296ae7004cac50f30676ef5ec,
        type: 3}
      propertyPath: 'm_Materials.Array.data[1]'
      value: 
      objectReference: {fileID: 2100000, guid: 5fc2405048396cc45adb17dbc1381639, type: 2}
    - target: {fileID: 8314943314581129063, guid: 6327c39296ae7004cac50f30676ef5ec,
        type: 3}
      propertyPath: 'm_Materials.Array.data[0]'
      value: 
      objectReference: {fileID: 2100000, guid: 9d9c08c89fe3ace4e93fc33fd265ac4e, type: 2}
    - target: {fileID: 8314943314581129063, guid: 6327c39296ae7004cac50f30676ef5ec,
        type: 3}
      propertyPath: 'm_Materials.Array.data[1]'
      value: 
      objectReference: {fileID: 2100000, guid: 5fc2405048396cc45adb17dbc1381639, type: 2}
    - target: {fileID: 8632478542239148415, guid: 6327c39296ae7004cac50f30676ef5ec,
        type: 3}
      propertyPath: 'm_Materials.Array.data[0]'
      value: 
      objectReference: {fileID: 2100000, guid: 9d9c08c89fe3ace4e93fc33fd265ac4e, type: 2}
    - target: {fileID: 8632478542239148415, guid: 6327c39296ae7004cac50f30676ef5ec,
        type: 3}
      propertyPath: 'm_Materials.Array.data[1]'
      value: 
      objectReference: {fileID: 2100000, guid: 5fc2405048396cc45adb17dbc1381639, type: 2}
    m_RemovedComponents: []
    m_RemovedGameObjects: []
    m_AddedGameObjects: []
    m_AddedComponents:
    - targetCorrespondingSourceObject: {fileID: 919132149155446097, guid: 6327c39296ae7004cac50f30676ef5ec,
        type: 3}
      insertIndex: -1
      addedObject: {fileID: 776673080}
    - targetCorrespondingSourceObject: {fileID: 919132149155446097, guid: 6327c39296ae7004cac50f30676ef5ec,
        type: 3}
      insertIndex: -1
      addedObject: {fileID: 776673079}
    - targetCorrespondingSourceObject: {fileID: 919132149155446097, guid: 6327c39296ae7004cac50f30676ef5ec,
        type: 3}
      insertIndex: -1
      addedObject: {fileID: 776673078}
    - targetCorrespondingSourceObject: {fileID: 919132149155446097, guid: 6327c39296ae7004cac50f30676ef5ec,
        type: 3}
      insertIndex: -1
      addedObject: {fileID: 776673081}
    - targetCorrespondingSourceObject: {fileID: 919132149155446097, guid: 6327c39296ae7004cac50f30676ef5ec,
        type: 3}
      insertIndex: -1
      addedObject: {fileID: -4873337045098620394}
  m_SourcePrefab: {fileID: 100100000, guid: 6327c39296ae7004cac50f30676ef5ec, type: 3}
--- !u!1 &1914265132115794171 stripped
GameObject:
  m_CorrespondingSourceObject: {fileID: 919132149155446097, guid: 6327c39296ae7004cac50f30676ef5ec,
    type: 3}
  m_PrefabInstance: {fileID: 1608273452830074282}
  m_PrefabAsset: {fileID: 0}
--- !u!65 &776673080
BoxCollider:
  m_ObjectHideFlags: 0
  m_CorrespondingSourceObject: {fileID: 0}
  m_PrefabInstance: {fileID: 0}
  m_PrefabAsset: {fileID: 0}
  m_GameObject: {fileID: 1914265132115794171}
  m_Material: {fileID: 0}
  m_IncludeLayers:
    serializedVersion: 2
    m_Bits: 0
  m_ExcludeLayers:
    serializedVersion: 2
    m_Bits: 0
  m_LayerOverridePriority: 0
  m_IsTrigger: 0
  m_ProvidesContacts: 0
  m_Enabled: 1
  serializedVersion: 3
  m_Size: {x: 2.213499, y: 2.196486, z: 2.0400403}
  m_Center: {x: -9.708439e-22, y: 1.0972517, z: -8.795496e-15}
--- !u!114 &776673079
MonoBehaviour:
  m_ObjectHideFlags: 0
  m_CorrespondingSourceObject: {fileID: 0}
  m_PrefabInstance: {fileID: 0}
  m_PrefabAsset: {fileID: 0}
  m_GameObject: {fileID: 1914265132115794171}
  m_Enabled: 1
  m_EditorHideFlags: 0
  m_Script: {fileID: 11500000, guid: 46fcb359d1ac6d849978a9114c0026d8, type: 3}
  m_Name: 
  m_EditorClassIdentifier: 
  _isWorldSerializable: 1
  _ignoreFromInteraction: 0
  _objectStateEventController: {fileID: 0}
  _screenWidthPercentageUIOffset: 0
  _screenHeightPercentageUIOffset: 0
  _interactionDirection: -1
  _interactionActions:
  - {fileID: 11400000, guid: e596555f09f8e4110a7c28a11c7f70c5, type: 2}
  _interactionsConfig: {fileID: 11400000, guid: d0d7f1dca4cf6764caf51451711796dd,
    type: 2}
  _interactableIcon: {fileID: 0}
  _interactableName: Large Crate
  <InteractionSocket>k__BackingField: {fileID: 0}
  _animator: {fileID: 776673078}
--- !u!95 &776673078
Animator:
  serializedVersion: 7
  m_ObjectHideFlags: 0
  m_CorrespondingSourceObject: {fileID: 0}
  m_PrefabInstance: {fileID: 0}
  m_PrefabAsset: {fileID: 0}
  m_GameObject: {fileID: 1914265132115794171}
  m_Enabled: 1
  m_Avatar: {fileID: 0}
  m_Controller: {fileID: 9100000, guid: 3011696428f309240b6795df7962c707, type: 2}
  m_CullingMode: 0
  m_UpdateMode: 0
  m_ApplyRootMotion: 0
  m_LinearVelocityBlending: 0
  m_StabilizeFeet: 0
  m_AnimatePhysics: 0
  m_WarningMessage: 
  m_HasTransformHierarchy: 1
  m_AllowConstantClipSamplingOptimization: 1
  m_KeepAnimatorStateOnDisable: 0
  m_WriteDefaultValuesOnDisable: 0
--- !u!114 &776673081
MonoBehaviour:
  m_ObjectHideFlags: 0
  m_CorrespondingSourceObject: {fileID: 0}
  m_PrefabInstance: {fileID: 0}
  m_PrefabAsset: {fileID: 0}
  m_GameObject: {fileID: 1914265132115794171}
  m_Enabled: 1
  m_EditorHideFlags: 0
  m_Script: {fileID: 11500000, guid: 888380afc233049ce9e618f9f36c8ba8, type: 3}
  m_Name: 
  m_EditorClassIdentifier: 
  profile: {fileID: 11400000, guid: 5e5a19d8f8f88a441a7a30a46b9e32af, type: 2}
  profileSync: 1
  previewInEditor: 1
  camerasLayerMask:
    serializedVersion: 2
    m_Bits: 4294967295
  effectGroup: 0
  effectGroupLayer:
    serializedVersion: 2
    m_Bits: 4294967295
  effectNameFilter: 
  combineMeshes: 0
  alphaCutOff: 0
  cullBackFaces: 1
  ignoreObjectVisibility: 0
  reflectionProbes: 0
  GPUInstancing: 1
  depthClip: 0
  cameraDistanceFade: 0
  cameraDistanceFadeNear: 0
  cameraDistanceFadeFar: 1000
  normalsOption: 0
  ignore: 0
  _highlighted: 0
  fadeInDuration: 0.1
  fadeOutDuration: 0.2
  flipY: 0
  constantWidth: 1
  subMeshMask: -1
  overlay: 0.58
  overlayMode: 0
  overlayColor: {r: 0, g: 0.727653, b: 1, a: 1}
  overlayAnimationSpeed: 0.5
  overlayMinIntensity: 0.522
  overlayBlending: 0
  overlayTexture: {fileID: 0}
  overlayTextureScale: 1
  outline: 0
  outlineColor: {r: 0, g: 0, b: 0, a: 1}
  outlineColorStyle: 0
  outlineGradient:
    serializedVersion: 2
    key0: {r: 1, g: 1, b: 1, a: 1}
    key1: {r: 1, g: 1, b: 1, a: 1}
    key2: {r: 0, g: 0, b: 0, a: 0}
    key3: {r: 0, g: 0, b: 0, a: 0}
    key4: {r: 0, g: 0, b: 0, a: 0}
    key5: {r: 0, g: 0, b: 0, a: 0}
    key6: {r: 0, g: 0, b: 0, a: 0}
    key7: {r: 0, g: 0, b: 0, a: 0}
    ctime0: 0
    ctime1: 65535
    ctime2: 0
    ctime3: 0
    ctime4: 0
    ctime5: 0
    ctime6: 0
    ctime7: 0
    atime0: 0
    atime1: 65535
    atime2: 0
    atime3: 0
    atime4: 0
    atime5: 0
    atime6: 0
    atime7: 0
    m_Mode: 0
    m_ColorSpace: -1
    m_NumColorKeys: 2
    m_NumAlphaKeys: 2
  outlineGradientInLocalSpace: 0
  outlineWidth: 0.45
  outlineQuality: 1
  outlineDownsampling: 2
  outlineVisibility: 0
  glowBlendMode: 0
  outlineBlitDebug: 0
  outlineIndependent: 0
  glow: 0
  glowWidth: 0.4
  glowQuality: 1
  glowDownsampling: 2
  glowHQColor: {r: 0.64, g: 1, b: 0, a: 1}
  glowDithering: 1
  glowMagicNumber1: 0.75
  glowMagicNumber2: 0.5
  glowAnimationSpeed: 1
  glowVisibility: 0
  glowBlitDebug: 0
  glowBlendPasses: 1
  glowPasses:
  - offset: 4
    alpha: 0.1
    color: {r: 0.64, g: 1, b: 0, a: 1}
  glowIgnoreMask: 0
  innerGlow: 0
  innerGlowWidth: 1
  innerGlowColor: {r: 1, g: 1, b: 1, a: 1}
  innerGlowVisibility: 0
  targetFX: 0
  targetFXTexture: {fileID: 0}
  targetFXColor: {r: 1, g: 1, b: 1, a: 1}
  targetFXCenter: {fileID: 0}
  targetFXRotationSpeed: 50
  targetFXInitialScale: 4
  targetFXEndScale: 1.5
  targetFXScaleToRenderBounds: 1
  targetFXAlignToGround: 0
  targetFXFadePower: 32
  targetFXGroundMaxDistance: 10
  targetFXGroundLayerMask:
    serializedVersion: 2
    m_Bits: 4294967295
  targetFXTransitionDuration: 0.5
  targetFXStayDuration: 1.5
  targetFXVisibility: 1
  seeThrough: 2
  seeThroughOccluderMask:
    serializedVersion: 2
    m_Bits: 4294967295
  seeThroughOccluderThreshold: 0.3
  seeThroughOccluderMaskAccurate: 0
  seeThroughOccluderCheckInterval: 1
  seeThroughOccluderCheckIndividualObjects: 0
  seeThroughDepthOffset: 0
  seeThroughMaxDepth: 0
  seeThroughIntensity: 0.8
  seeThroughTintAlpha: 0.5
  seeThroughTintColor: {r: 1, g: 0, b: 0, a: 1}
  seeThroughNoise: 1
  seeThroughBorder: 0
  seeThroughBorderColor: {r: 0, g: 0, b: 0, a: 1}
  seeThroughBorderOnly: 0
  seeThroughBorderWidth: 0.45
  seeThroughOrdered: 0
  rmsCount: 6
  hitFxInitialIntensity: 0
  hitFxMode: 0
  hitFxFadeOutDuration: 0.25
  hitFxColor: {r: 1, g: 1, b: 1, a: 1}
  hitFxRadius: 0.5
--- !u!114 &-4873337045098620394
MonoBehaviour:
  m_ObjectHideFlags: 0
  m_CorrespondingSourceObject: {fileID: 0}
  m_PrefabInstance: {fileID: 0}
  m_PrefabAsset: {fileID: 0}
  m_GameObject: {fileID: 1914265132115794171}
  m_Enabled: 1
  m_EditorHideFlags: 0
  m_Script: {fileID: 11500000, guid: 9be80118689d23e47b415f993d52acf1, type: 3}
  m_Name: 
  m_EditorClassIdentifier: 
  _dataObject: {fileID: 776673079}
